2550 4176
223 377 406 444 ntentans,
428 378 573 444 Veneres,
593 379 719 448 Focille,
739 381 843 436 sellus.

224 471 355 524 Demum
371 474 445 524 sunt
465 469 608 536 Veneres,
627 468 754 534 Focilln,
773 469 902 542 quiquid

222 555 386 625 Ludisque,
406 562 438 613 ei
457 557 600 629 loqueris,
619 557 766 630 facisque,
784 560 923 632 agisque;

224 647 265 701 Et
283 663 354 701 cum
372 646 487 702 nudula
505 647 622 703 lectule
643 647 803 714 recumbis,

223 735 308 790 Inter
327 735 453 792 delicias
473 735 685 810 libidinesque,

225 823 310 879 Tunc
328 843 390 880 non
407 843 441 881 es
460 828 604 893 Veneres,
626 829 731 883 Venus
750 829 807 884 sed
829 827 909 899 ipse:

224 914 336 982 Venus,
354 933 393 972 ne
412 915 530 984 dubita,
550 917 678 983 Focille,
700 924 773 973 tunc
792 935 833 972 es.

551 1146 625 1201 XII·

422 1286 491 1353 An
513 1249 757 1354 nccinnnu

457 1420 602 1478 (najaram,
618 1421 675 1467 niu
686 1414 725 1476 η’.)

226 1581 371 1639 Lascivos
390 1581 468 1637 male
488 1587 638 1653 temperes
656 1583 777 1648 ocellos,

226 1673 290 1728 Nec
307 1679 429 1730 nostrae
450 1670 577 1727 miseret
597 1678 702 1727 temen
720 1679 877 1744 senecbee3

227 1761 432 1830 Quantumvis
447 1760 580 1833 juvenes
599 1779 674 1829 amu,
693 1761 835 1832 foveque,

225 1855 305 1907 Dum
324 1870 361 1908 ne
382 1870 430 1908 me
448 1851 548 1924 fugies
566 1867 678 1920 senem,
698 1849 815 1922 puella3

226 1943 329 2015 Atque
346 1943 402 1998 hes
421 1948 514 2014 abque
533 1940 609 1997 elios
628 1958 721 2010 ames
741 1938 855 2006 licebit,

226 2035 307 2088 Dum
324 2049 363 2087 ne
382 2049 430 2086 me
449 2030 582 2102 abjicies,
601 2030 711 2100 puelle,
732 2035 893 2084 umentem.

227 2123 304 2178 Nelo
324 2121 450 2178 delicias
469 2120 680 2193 libidinesque,

226 2213 372 2270 Lascivos
392 2213 497 2268 oculos
516 2212 596 2277 volo,
616 2227 792 2282 precorque.

226 2304 371 2360 Lascivos
389 2302 511 2375 quoties
530 2300 666 2357 reflectis
685 2301 718 2356 in
737 2316 794 2368 me,

229 2396 270 2450 Et
287 2395 368 2451 rides
387 2393 488 2462 simul,
509 2398 540 2446 ut
558 2392 651 2457 doles,
672 2388 795 2456 coellec,

227 2482 359 2555 Inspires
374 2483 496 2555 juvenis
516 2482 589 2538 mihi
609 2483 752 2555 vigerem.

228 2572 307 2639 Quin
327 2591 447 2629 omnem
464 2573 555 2629 simul
576 2590 653 2629 exuo
672 2578 841 2636 senectam,

227 2662 259 2719 Si
276 2669 324 2718 ter
341 2664 457 2731 blenda,
478 2662 603 2732 Focilla,
623 2661 780 2729 sueviaris,

228 2754 258 2810 si
276 2753 413 2826 linguam
431 2759 538 2810 tenero
557 2753 604 2809 bis
623 2772 674 2809 ore
696 2752 788 2824 engle,

228 2845 260 2901 Si
279 2844 357 2900 collo
377 2861 500 2916 quoque
521 2845 702 2916 complicata
723 2844 845 2913 pendes.

547 3077 639 3129 xm.

326 3156 424 3282 'AD
449 3217 488 3282 P.
507 3215 828 3282 SUMMONTIUM

460 3348 605 3403 (Bujerum,
622 3347 726 3399 Libii.)

167 3548 175 3559 .
230 3511 324 3566 Ducit
342 3511 414 3567 dum
434 3510 559 3565 choreas
577 3508 702 3577 Neaera,
722 3507 867 3576 linquunt

141 3665 144 3670 ,
232 3602 273 3656 Ec
290 3607 378 3672 pratu
397 3606 429 3656 et
447 3601 560 3657 virides
578 3619 666 3672 egros
684 3601 814 3671 Napeae.
