2550 4176
1092 315 1126 370 81

169 417 210 471 Te
231 423 285 471 tua
304 417 402 470 Roma
420 422 515 481 tenet,
535 415 610 470 mihi
629 434 720 486 quam
738 434 862 471 narrare
881 418 1008 484 solebas

208 506 305 561 Unam
323 504 449 560 delicias
468 523 534 560 esse
552 505 711 560 hominum
730 511 822 575 atque
842 508 951 562 Dedm.

160 596 237 663 ¹Hoc
258 611 381 668 quoque
402 613 484 649 nunc
504 594 609 665 major,
630 596 711 668 quod
727 597 838 667 Magno
858 602 906 651 est
924 602 1016 650 aucta
1035 597 1147 658 Leone,

203 687 279 739 Tam
298 689 375 741 bene
394 687 494 758 parati
512 686 566 758 qui
585 686 747 758 imperium
767 686 848 742 orbis
866 687 966 742 habet.

168 775 225 828 Hic
245 775 302 830 tibi
321 794 377 831 nec
396 777 507 830 desunt
528 775 725 831 celeberrima
745 776 835 831 turba
854 775 980 844 sodales,

201 867 282 936 Apta
302 866 408 921 oculos
427 866 522 921 etiam
541 867 639 921 multa
659 872 765 921 tenere
785 872 865 921 tuos.

167 953 242 1008 Nam
261 955 349 1010 modo
369 962 417 1010 tot
434 955 553 1026 priscae
572 962 692 1026 spectas
712 955 860 1009 miracula
877 956 986 1027 gentis,

199 1044 337 1098 Heroum
356 1050 388 1098 et
406 1044 507 1100 titulis
527 1046 610 1099 clara
628 1045 775 1116 trophaea
794 1045 865 1114 suis,

168 1134 255 1188 Nunc
274 1134 417 1190 Vaticani
435 1138 593 1207 surgentia
613 1155 759 1192 marmore
783 1139 906 1209 templa,

199 1225 240 1278 Et
258 1242 336 1294 quae
356 1224 523 1294 porticibus
543 1245 635 1281 aurea
654 1234 737 1282 tecta
755 1227 863 1282 nitent.

165 1312 298 1384 [rriguos
316 1312 427 1381 fontes,
446 1315 610 1388 hortosque
632 1323 663 1372 et
681 1335 805 1372 amoena
824 1317 930 1384 vireta,

198 1404 334 1460 Plurima
352 1425 430 1478 quae
450 1408 591 1463 umbroso
611 1408 747 1480 margine
768 1408 866 1463 Tibris
884 1408 985 1464 habet.

168 1494 266 1566 thue
287 1494 400 1561 ferunt,
422 1503 512 1551 coetu
532 1497 673 1552 convivia
691 1498 773 1552 laeta
792 1497 949 1569 frequenti

197 1587 238 1640 Et
257 1585 393 1640 celebras
411 1586 504 1642 lentis
524 1587 588 1642 otia
606 1588 697 1643 mista
712 1587 802 1658 jocis.

166 1677 225 1732 Aut
245 1675 362 1730 cithara
380 1676 533 1731 aestivum
553 1683 703 1742 attenuaS,
725 1682 877 1748 cantuque
899 1677 1040 1742 calorem,

195 1766 256 1821 Hei
276 1765 351 1820 mihi
369 1784 459 1839 quam
478 1766 580 1837 dispar
598 1784 680 1820 nunc
700 1784 766 1820 inea
785 1766 850 1820 vita
869 1771 940 1820 tuae
962 1765 1024 1820 est!

162 1855 221 1910 Nec
241 1855 317 1909 mihi
334 1855 516 1926 displiceant
535 1875 612 1928 quae
634 1864 707 1912 sunt
726 1856 783 1911 tibi
795 1863 890 1928 grata,
910 1856 962 1911 sed
982 1855 1048 1926 ipsa
1067 1861 1122 1913 est.

195 1946 237 2000 Te
257 1944 332 2011 sine,
351 1947 406 2001 lux
425 1947 523 2002 oculis
542 1965 637 2018 paene
655 1947 780 2002 inimica
798 1945 884 2002 meis.

160 2035 225 2090 Non
245 2054 329 2101 auro,
351 2043 404 2091 aut
422 2055 542 2108 gemma
562 2044 654 2108 eaput
674 2054 821 2092 exornare
841 2036 954 2092 nitenti

194 2128 243 2182 Me
260 2126 357 2198 juvat,
379 2134 433 2183 aut
451 2129 552 2183 Arabo
572 2146 717 2200 spargere·
734 2128 823 2183 odore
846 2143 956 2182 comas·

160 2217 226 2271 Non
245 2218 381 2272 celebres
400 2218 488 2273 ludos
506 2218 594 2274 festis
613 2224 752 2289 spectare
773 2217 888 2282 diebus

193 2307 269 2362 Cum
288 2307 392 2379 populi
413 2310 546 2379 complet
565 2309 659 2363 densa
678 2325 789 2362 corona
808 2307 920 2376 forum,

159 2400 198 2454 Et
215 2398 300 2454 ferus
319 2399 351 2453 in
369 2399 468 2454 media
489 2400 609 2454 exultat
626 2398 778 2470 gladiator
796 2416 897 2466 arena,

190 2493 290 2547 Hasta
308 2490 464 2573 concurrit
483 2491 534 2556 nel
553 2489 766 2560 cataphractus
785 2506 887 2561 eques.

154 2580 227 2636 Sola
245 2588 317 2636 tuos
335 2580 442 2637 vultus
462 2579 598 2634 reserens
616 2578 780 2650 Raphaelis
799 2577 898 2649 imago

190 2671 279 2726 Picta
298 2689 398 2735 manu,
420 2687 508 2725 curas
527 2671 643 2725 allevat
661 2686 759 2741 usque
779 2686 870 2724 meas.

154 2762 236 2818 Huic
255 2780 312 2833 ago
331 2761 458 2823 delicias
477 2760 565 2827 facio,
586 2759 775 2832 arrideoque,
792 2758 950 2831 jocorqne,

190 2854 340 2925 Alloquor
359 2857 391 2908 et
408 2857 565 2923 tamquam
583 2849 708 2905 reddere
729 2849 823 2905 verba
842 2855 944 2921 queat,

152 2947 289 3002 Assensu
308 2948 448 3014 nutuque
470 2939 544 2995 mihi
563 2957 651 3011 saepe
672 2939 727 2994 illa
745 2938 871 2994 videtur

188 3033 299 3091 Dicere
318 3019 398 3092 velle
417 3031 532 3105 aliquid
552 3037 584 3086 et
602 3038 657 3086 tna
675 3030 768 3086 verba
786 3028 881 3101 loqui.

154 3125 310 3198 Agnoscit,
329 3125 479 3197 balboqua
498 3130 618 3194 patrem
635 3140 712 3194 puer
731 3139 783 3176 ore
803 3121 927 3185 salutat,

185 3215 254 3270 Hoc
271 3214 363 3286 solor,
382 3214 497 3284 longos
509 3211 690 3283 decipioque
710 3209 783 3265 dies,

152 3306 193 3364 At
210 3303 396 3379 quicumque
416 3300 508 3357 istinc
527 3301 564 3355 ad
584 3319 639 3356 nos
658 3299 823 3355 accesserit
840 3299 958 3369 hospes,

184 3393 277 3449 Hunc
297 3409 352 3462 ego
372 3389 445 3463 quid
464 3389 549 3444 dices
570 3388 643 3461 quid
662 3387 797 3444 faciasne
817 3405 899 3460 rogo.

148 3483 269 3539 Cuncta
286 3479 362 3535 mihi
380 3480 416 3535 de
436 3485 467 3535 te
488 3478 645 3534 incutiunt
663 3478 768 3533 audita
787 3477 943 3532 timorem:

184 3573 272 3637 Vano
290 3569 386 3626 etiam
403 3570 547 3626 absentes
566 3584 655 3640 saepe
675 3568 785 3624 timore
804 3572 927 3638 pavent.

165 3775 179 3820 6
193 3799 219 3807 -
232 3773 323 3819 cosan
337 3773 394 3819 dat.
408 3774 472 3818 della
485 3772 560 3818 tiriae
574 3774 662 3818 latina.
1131 3688 1273 3904 ⁴
