2550 4176
233 276 285 334 108

350 385 382 440 Si
399 382 526 439 Mellina
544 382 621 438 nihil
641 391 672 439 te
691 380 798 437 domus
819 376 920 448 afficit,

383 475 424 529 Et
441 474 543 528 fontes
561 472 668 543 posius
687 472 792 528 ordine
810 471 937 526 Medicis

383 563 486 618 Pomis
505 569 538 618 et
556 562 706 633 speculae,
727 579 848 616 omnem

381 651 470 709 Unde
489 653 596 708 urbem
615 651 690 706 licet
708 650 860 719 aestimes3

345 743 387 798 At
406 742 541 814 Tyrrena
559 742 645 796 brevi
662 741 774 807 fronte,
795 739 894 795 oculis
914 738 1017 809 nigris,

381 831 474 902 Nigro
495 831 587 897 crine,
606 836 693 902 paral
712 847 788 903 quae
810 827 866 884 libi
885 828 989 883 dulcia

379 920 486 975 Doctis
505 920 638 974 carmina
657 919 764 986 cordis,

379 1011 420 1063 nt
438 1009 520 1063 vocis
538 1007 670 1080 liquidae
689 1025 779 1063 sonos

343 1097 468 1168 Tangat.
509 1098 551 1152 ΤΘ
572 1097 690 1169 cyathis
710 1114 748 1151 en
767 1103 858 1153 vocat
877 1096 1014 1168 Angelus

378 1182 436 1236 Ter
455 1182 558 1248 ternis,
575 1182 725 1253 juvenum
745 1180 894 1237 nobilium
913 1181 1014 1236 decus.

377 1270 445 1323 Non
465 1275 659 1324 contemnere
678 1270 782 1325 Musas

378 1360 420 1413 'Pe
441 1366 544 1414 vatem
564 1359 653 1414 decet
672 1359 810 1430 impares,

342 1449 435 1503 Vates
453 1448 615 1504 incolumis
634 1449 763 1504 maxime
783 1448 899 1504 saeculi

376 1538 418 1592 'Pe
438 1537 524 1594 nefas
545 1545 615 1594 ante
636 1538 711 1594 alios
731 1539 841 1594 ducere
864 1539 1012 1608 liberum3

375 1627 499 1697 Ingenii
517 1629 634 1682 Ennius
653 1646 704 1684 ore

375 1718 523 1773 Dicturus
542 1736 634 1790 grave
653 1720 812 1789 praelium,

343 1806 450 1862 Victos
469 1813 500 1861 el
520 1808 647 1877 populos
668 1809 818 1863 imbuerat
836 1808 930 1879 prius,

376 1896 411 1949 Sc
434 1894 509 1960 vive,
529 1895 682 1964 duplicem
701 1903 791 1967 potus
811 1897 988 1967 Ulysseum,
1009 1901 1041 1951 ct

376 1984 466 2055 Troja
484 1983 591 2037 funere
609 1985 762 2040 Homerus

376 2073 495 2130 Divinis
515 2072 628 2128 cecinit
646 2075 748 2130 modis.

680 2356 723 2407 11.

591 2508 643 2574 IN
666 2507 817 2575 ROSAS

339 2613 468 2660 QUARUM
487 2611 587 2652 SPINIS
613 2611 738 2652 PUELLA
758 2609 883 2652 FUERAT
903 2601 1067 2648 CONTAOTA

581 2723 739 2776 (carminum
760 2721 826 2773 Lib.)

373 2886 416 2940 At
435 2883 521 2939 vobis
540 2884 619 2936 mala
638 2881 736 2935 multa
753 2881 792 2935 Di
811 2881 953 2953 Deaeque

374 2977 463 3041 Dent,
484 2973 623 3028 custodia
641 2971 761 3027 inutilis
780 2990 923 3040 rosarum,

373 3064 491 3135 Spinae,
512 3081 586 3135 quas
604 3061 734 3133 digitum
753 3079 838 3117 meae
857 3062 977 3132 puellae

372 3155 392 3208 J
394 3153 462 3208 uvit
482 3152 604 3222 cuspide
623 3152 790 3223 perculisse
808 3152 891 3206 dura.

372 3242 457 3308 Quae
477 3242 597 3309 fiducia
618 3259 736 3313 quaeve
757 3260 847 3297 causa
865 3241 951 3297 vobis

372 3329 543 3401 Iniecitque
563 3328 679 3383 animos
698 3328 857 3400 scelusque
877 3326 994 3383 movit?

371 3420 447 3473 Nam
467 3418 492 3473 si
511 3417 625 3472 incedit
644 3435 772 3472 amoena
790 3417 929 3472 Faucioli

372 3510 431 3563 Per
449 3509 547 3563 vireta
567 3514 597 3561 et
617 3507 760 3562 amabiles
780 3525 833 3577 per
851 3506 956 3561 hortos

370 3597 451 3652 Hinc
470 3596 572 3668 legens
592 3601 713 3652 teneras
732 3613 815 3651 rosas
835 3601 867 3650 et
885 3595 964 3664 inde,
