2550 4176
242 386 289 440 ‘Pu
308 386 408 442 reddis
427 386 541 442 mundo
559 384 702 440 redimite
720 384 854 440 frontem
923 443 927 450 ,

243 475 383 530 Siderum
401 474 502 544 sertis,
524 474 685 547 reficisque
705 480 791 545 grato

241 565 321 620 Rore
340 563 505 634 perfundes
524 563 663 634 violaria,
684 581 772 636 egros

383 652 534 724 Frugibus
554 653 666 723 exples.

240 729 286 797 De
304 741 380 797 meis
398 742 499 809 finem,
519 745 584 797 Dee
604 759 721 812 magne,
741 741 823 798 votis

240 833 282 886 Et
300 832 381 904 quod
400 837 542 902 optemus
560 831 655 887 liceat
674 829 773 900 potiri

242 921 287 974 Ne
306 925 394 976 voret
411 919 511 976 tristis
530 919 654 991 penitus
673 919 820 974 celenteis

380 1013 519 1068 Flamma
538 1012 695 1067 medullas·

573 1270 634 1320 ΙΙΙ.

450 1419 516 1486 ΑΙ)
539 1418 760 1486 FANNIAM

482 1562 625 1616 (Amorum,
641 1560 698 1606 Lib.
712 1562 739 1614 1.)

129 1727 214 1796 Quid
232 1724 308 1779 mihi
326 1731 389 1778 tam
410 1722 524 1778 multas
543 1720 694 1792 proponis,
715 1718 840 1787 Fannia,
859 1738 973 1790 poenas

142 1823 145 1829 '
166 1817 208 1871 Et
228 1813 313 1885 cupis
331 1813 365 1868 in
384 1811 472 1884 tenti,
492 1809 667 1866 excruciare
688 1807 796 1864 malis?

128 1906 177 1962 Sit
195 1902 270 1959 sabis
289 1900 444 1956 interdum
462 1897 606 1970 gravibus
625 1914 673 1952 me
692 1895 825 1968 affligere
845 1898 947 1953 verbis

164 1995 207 2049 Et
225 1991 371 2047 miserum
389 1988 426 2043 de
441 2004 489 2042 me
509 2003 630 2042 sumere
651 1984 844 2056 supplicium.

127 2085 199 2139 Non
218 2099 273 2153 ego
292 2078 454 2136 servitium
471 2075 611 2131 dominae
632 2081 695 2130 tem
713 2075 787 2130 mite
807 2092 920 2132 recuso.

165 2169 215 2224 Ah
232 2173 339 2240 pereat
357 2167 453 2239 siquis
474 2166 600 2222 vincula
619 2172 651 2221 et
668 2165 734 2236 ipsa
753 2166 857 2222 timet!

128 2257 312 2314 Luminibus
332 2256 384 2312 sed
402 2256 479 2311 dure
497 2274 544 2310 me
566 2263 596 2311 te
618 2254 772 2311 subtrahis
792 2262 824 2310 et
842 2275 889 2311 me

165 2346 312 2403 Exeludib
330 2346 430 2418 pesida
450 2347 555 2401 clause
574 2345 712 2399 fenestra
731 2362 810 2399 sera.

128 2436 188 2492 Sed
207 2452 364 2506 nunquam
381 2435 469 2507 potui
488 2434 621 2489 lacrimis
641 2441 695 2489 aut
714 2433 838 2491 fletibus
857 2437 930 2493 ullis

164 2524 293 2581 Efficere
307 2532 344 2581 ut
361 2525 448 2581 nobis
467 2523 570 2579 mitior
591 2524 658 2595 ipse
675 2523 767 2578 fores.

24 2662 32 2676 .
128 2617 176 2671 An
198 2614 271 2682 quia
290 2620 320 2669 te
341 2631 359 2668 e
376 2613 490 2669 teneris
509 2613 605 2668 dilexi
623 2613 742 2683 puriter
760 2612 857 2679 annis,

161 2704 231 2757 Hoc
250 2701 363 2757 meruit
381 2703 417 2758 de
437 2709 469 2759 te
487 2704 601 2775 perfidu
619 2703 730 2774 longus
750 2703 857 2758 amor?

127 2793 210 2861 Quid
229 2793 255 2848 si
273 2809 320 2845 me
339 2792 464 2848 ulterius
484 2793 657 2865 coepissent
676 2792 813 2847 luminu?
832 2793 905 2864 quid
925 2794 951 2847 si

162 2881 272 2936 Altera
290 2879 322 2934 in
339 2881 499 2952 amplexus
518 2881 594 2936 isset
614 2881 711 2937 amica
730 2883 837 2937 meos?

112 2969 193 3024 ‘Hoc
211 2967 319 3024 nocuit
336 2968 447 3024 misero
467 2970 597 3027 servisse
619 2971 754 3026 fideliter
774 2973 837 3040 uni,

162 3059 230 3114 Hoe
249 3058 355 3113 nocuit
374 3064 463 3114 tante
481 3077 601 3130 semper
620 3079 736 3116 amasse
756 3063 823 3117 fide.

129 3148 153 3202 0
172 3153 259 3219 peret
278 3147 461 3221 quicumque
483 3150 557 3205 colit
576 3156 758 3223 tenerasque
778 3153 904 3223 puellas,

163 3237 204 3290 Et
222 3235 316 3292 durae
335 3238 474 3309 sequitur
493 3238 636 3294 militiam
656 3239 792 3296 Veneris.

130 3326 305 3382 summisi
323 3329 450 3400 posthae
469 3330 564 3386 fuerit
583 3347 660 3403 quae
678 3330 776 3403 gretie
795 3341 898 3391 secum

163 3417 322 3473 Dilanient
340 3418 422 3474 avidi
440 3426 507 3473 tum
525 3438 593 3474 mea
612 3424 746 3476 membre
765 3423 838 3493 lupi.

131 3506 205 3562 Tum
224 3525 293 3563 mea
310 3511 445 3565 membre
463 3509 552 3566 avido
571 3512 745 3582 discerpant
763 3519 887 3584 gutture
907 3514 999 3585 corvi,
1052 3535 1057 3544 ·

164 3597 379 3672 Effodientque
398 3603 512 3672 oeulos,
533 3603 586 3675 qui
605 3603 680 3658 mihi
694 3621 785 3661 cause
804 3605 883 3664 meli.
