2550 4176
226 337 262 390 82

244 441 302 496 Sed
321 439 396 494 mihi
415 440 518 494 nescio
539 439 606 511 quis
626 438 763 494 narravit
782 457 872 510 saepe
892 440 1046 494 tumultus

279 528 461 600 Miscerique
480 547 571 583 neces
590 547 644 599 per
663 528 860 600 semperque
880 529 954 596 viae,

244 619 320 674 Cum
338 616 443 689 populi
461 636 530 689 pars
548 618 624 672 haec
644 620 765 684 Ursum,
786 636 855 688 pars
874 617 929 672 illa
948 618 1129 672 Columnam
1194 674 1198 681 ,

278 710 414 780 Invocat,
434 716 466 762 et
485 708 604 777 trepida
624 707 749 778 corripit
769 726 852 761 arma
871 726 972 762 mauu.

242 801 287 854 Ne
307 807 350 865 tu,
370 817 407 852 ne
428 816 542 870 quaeso
562 798 657 852 tantis
677 805 706 852 te
728 797 858 852 immitte
879 799 1002 870 periclis

278 891 332 944 Sat
352 889 409 944 tibi
429 889 469 943 sit
488 895 557 944 tuto
577 906 665 959 posse
687 889 786 944 redire
806 890 938 944 domum.

242 981 356 1035 Romae
377 978 471 1034 etiam
489 980 571 1033 fama
591 986 636 1034 est
657 980 756 1034 cultas
775 980 911 1034 habitare
932 979 1059 1049 puellas²

278 1070 336 1125 Sed
354 1088 432 1142 quae
452 1071 567 1124 lascivo
588 1069 721 1140 turpiter
741 1069 810 1140 igne
832 1071 942 1124 calent.

242 1161 309 1216 Illis
329 1162 446 1216 venalis
466 1161 564 1215 forme
584 1167 638 1225 est,
660 1179 838 1231 corpusque,
858 1160 1031 1231 pudorque;

278 1251 335 1306 His
355 1257 389 1304 tu
408 1250 565 1305 blanditiis
584 1268 623 1303 ne
644 1249 772 1320 capiare,
794 1268 875 1304 cave.

242 1341 300 1395 Sed
319 1341 378 1395 nisi
393 1341 456 1411 jam
476 1347 599 1411 captum
618 1339 729 1393 blanda
748 1340 824 1393 haec
844 1347 873 1393 te
894 1337 998 1393 vincla
1017 1344 1169 1401 tenerent,

278 1433 353 1486 Tam
372 1433 478 1502 longas
498 1432 605 1484 absens
625 1448 686 1483 non
705 1435 844 1500 paterere
864 1420 971 1483 moras.

241 1522 318 1575 Nam
338 1521 471 1592 memini,
492 1539 560 1574 cum
581 1526 610 1574 te
632 1519 737 1574 vivum
754 1519 856 1590 jurare
876 1518 996 1573 solebas

277 1613 345 1665 Non
363 1630 422 1680 me,
442 1612 469 1666 si
489 1609 600 1681 cupias,
620 1627 707 1680 posse
726 1627 826 1664 carere
847 1609 908 1663 diu.

240 1700 335 1766 Vivis,
355 1701 511 1773 (lastilion,
532 1699 679 1771 vivasque
699 1699 827 1762 beatius
847 1707 927 1769 opt0,

276 1792 338 1846 Nec
357 1791 415 1846 tibi
430 1791 492 1862 jam
511 1790 622 1843 durum
641 1796 688 1843 est
707 1807 755 1842 me
777 1788 910 1844 caruisse
929 1789 990 1844 diu.

242 1879 301 1935 Cur
320 1886 375 1934 tua
394 1886 512 1934 mutata
533 1887 579 1933 est
598 1878 693 1949 igitur
711 1879 818 1933 mens?
838 1897 891 1933 cur
910 1879 992 1949 prior
1010 1879 1070 1945 ille,

276 1969 334 2023 llle
354 1975 408 2023 tuo
428 1970 525 2038 nostri
545 1970 634 2025 corde
655 1969 777 2025 refrixit
796 1968 901 2023 amor?

241 2059 302 2114 Cur
320 2059 376 2114 tibi
395 2079 476 2115 nunc
497 2061 603 2116 videor
622 2060 701 2124 vilis,
721 2078 788 2128 nec,
808 2066 935 2114 utente
955 2059 1099 2132 solebam,

275 2149 382 2220 Digna,
403 2151 463 2205 tori
482 2151 596 2206 sociam
616 2168 706 2221 quam
725 2149 840 2220 patiare
862 2150 929 2204 tui?

239 2239 362 2295 Scilicet
380 2240 413 2294 in
431 2247 541 2296 ventos
560 2240 708 2312 promissa
727 2240 836 2304 abiere,
856 2239 1004 2310 fidesque,

275 2332 303 2386 A
321 2331 434 2386 nostris
452 2331 545 2386 simul
564 2351 599 2386 ac
619 2331 717 2386 vestri
736 2330 838 2385 abiere
859 2329 951 2384 oculi.

239 2421 280 2474 Et
299 2419 355 2475 tibi
374 2439 456 2476 nune
475 2421 579 2477 forsan
597 2424 732 2477 subeunt
750 2420 874 2475 fastidia
892 2419 999 2486 nostri,

275 2513 315 2565 Et
334 2529 425 2582 grave
441 2511 504 2582 jam
522 2513 699 2584 Hippolytis
718 2529 830 2566 nomen
848 2510 880 2565 in
899 2529 971 2567 aure
992 2517 1120 2566 tuaest.

239 2603 354 2656 Verum
372 2606 408 2656 ut
427 2621 475 2657 me
495 2601 603 2674 fugias
622 2601 753 2673 patriam
772 2601 853 2673 fugis
872 2601 1026 2672 improbe?
1046 2610 1148 2657 necte

275 2691 352 2746 Cara
369 2710 484 2764 pareus
504 2693 571 2747 nati
589 2711 647 2747 nec
666 2693 715 2762 pia
736 2711 809 2746 cura
828 2693 935 2747 tenet?
1002 2747 1006 2752 ,

239 2780 320 2846 Quid
339 2782 470 2852 queror?
490 2801 527 2837 en
546 2789 601 2837 tua
619 2781 766 2837 scribenti
785 2782 859 2837 mihi
877 2781 1007 2853 epistole
1025 2781 1121 2849 venit,

274 2870 368 2925 Grata
387 2869 517 2942 quidem,
537 2871 629 2928 dictis
649 2870 675 2926 si
694 2872 782 2925 modo
804 2877 888 2926 certa
907 2871 999 2943 fides;

239 2960 281 3015 'Pe
301 2961 400 3016 nostri
418 2961 569 3017 desiderio
588 2962 743 3032 languere,
764 2962 934 3033 pedemque

274 3048 505 3120 Quamprimum
525 3052 562 3106 ad
580 3052 696 3122 patrios
715 3052 796 3106 velle
816 3050 930 3106 referre
951 3052 1040 3118 lareS,

238 3138 447 3211 Torquerique
467 3158 559 3207 mora,
579 3144 633 3199 sed
651 3140 755 3212 Magni
769 3141 855 3212 jussa
873 3140 986 3197 Leonis

273 3228 294 3283 J
295 3228 460 3283 amdudum
478 3231 597 3288 reditus
616 3233 782 3288 detinuisse
803 3235 884 3288 tuos.

236 3315 294 3371 His
312 3333 368 3388 ego
387 3317 540 3388 perlectis
561 3321 605 3376 sie
625 3323 662 3377 ad
681 3328 737 3376 tua
757 3322 849 3377 verba
868 3322 976 3389 revixi,

273 3408 403 3479 Surgere
422 3416 458 3464 ut
476 3409 603 3466 aestivis
622 3410 769 3467 imbribus
788 3413 881 3468 herba
900 3412 990 3469 solet.

237 3495 322 3560 Quae
341 3495 416 3553 licet
435 3515 474 3554 ex
493 3505 560 3555 toto
579 3519 641 3556 non
660 3501 759 3557 ausim
777 3520 851 3558 vere
870 3503 972 3577 fateri,

272 3587 512 3662 Qualiacumque
533 3596 636 3646 tamen
656 3591 838 3648 credulitate
853 3593 974 3665 juvant.
