2550 4176
206 253 246 309 94

326 356 396 412 Mox
415 365 451 413 ut
470 355 658 430 triumphurn
677 356 777 414 dicere
797 356 935 415 Caesaris

360 451 519 520 Aggreasa„
539 449 638 503 Melae
659 449 696 503 ad
714 448 842 503 flumina
859 449 960 520 patrii,

363 541 404 593 Et
423 540 536 609 templa
556 547 586 594 et
604 539 751 594 immanes
771 540 929 596 columnas

365 626 522 682 Caesareis
542 645 650 687 oneres
671 629 832 699 trophaeis

328 717 412 769 Haeo
432 717 542 771 oondai
561 717 631 772 aliis
650 718 842 790 pyramidum
857 718 940 790 jugis

364 806 459 860 Moles
479 805 623 861 oaduoas:
642 807 719 860 haee
737 806 923 879 Babylonios

364 896 519 949 instauret
539 894 692 949 ineassum
711 897 830 950 labores

364 985 444 1039 Mola
463 1003 519 1038 sua
537 985 657 1039 ruitura
675 992 765 1040 aeota.

327 1075 372 1128 Sil
392 1092 468 1145 quae
490 1074 592 1129 securi
612 1082 711 1130 certet
730 1078 918 1130 Amazonum

363 1167 457 1219 Dorso
478 1163 597 1235 fugacis
616 1172 706 1220 venta
718 1182 818 1241 super
836 1165 902 1232 feri,

363 1256 427 1307 Aui
446 1271 538 1308 eursu
558 1253 870 1325 inhumanosfaiiget

363 1343 580 1398 Marmaridum
599 1343 630 1396 in
649 1344 733 1399 silvis
753 1344 864 1399 leones

328 1435 369 1489 At
388 1442 423 1487 tu
442 1451 594 1503 perennes
613 1434 725 1488 fertilis
745 1435 848 1506 ingeni

363 1525 449 1579 Vana
469 1523 579 1578 fluenti
597 1524 700 1579 fundis
721 1542 794 1594 opes
814 1525 875 1579 lui:

363 1606 410 1666 Tu
430 1619 514 1667 easta
534 1614 691 1668 Musarum
710 1600 851 1669 sacerdos

364 1703 411 1755 Ex
430 1702 532 1773 adytis
550 1721 694 1757 numeros
713 1708 859 1772 reportas.

329 1790 409 1855 Quid
425 1788 489 1860 jam
509 1791 635 1844 moraris
655 1790 777 1859 cingere
798 1787 913 1861 duplioi

364 1883 509 1936 Frontem
529 1882 662 1936 corona?
681 1881 801 1952 quando
821 1880 914 1936 etiarn
934 1881 982 1935 tui
1002 1899 1034 1935 es

364 1970 492 2037 Victrix,
512 1971 777 2042 triumphalesque
797 1988 906 2024 sensus
956 1973 959 1981 '

362 2061 491 2116 Subiiois
512 2062 680 2116 adratione
700 2060 828 2116 frenas?

327 2150 444 2204 Erroris
465 2168 580 2222 expers,
600 2150 716 2205 fraudis
735 2158 768 2205 ei
787 2150 883 2205 inscia

364 2241 497 2310 Vulgum
517 2247 547 2295 el
566 2247 725 2311 protervas
744 2240 877 2296 invidiae
898 2241 1006 2307 minae,

363 2329 532 2400 'Perrasque
552 2331 712 2401 despectas
728 2331 868 2399 jacentes

363 2421 436 2474 Alta
455 2427 564 2490 patens
584 2420 689 2490 rapido
709 2420 824 2475 volatu.

328 2509 448 2580 Regina
467 2510 566 2579 qualis
588 2529 657 2563 oum
675 2510 760 2565 volat
779 2510 890 2564 alitum

364 2598 474 2653 Vicina
497 2598 583 2653 coelo
603 2599 709 2653 nubila
728 2599 874 2665 dividens

365 2687 427 2741 Neo
448 2696 535 2742 aurai
555 2687 692 2743 insanam
711 2688 844 2744 furentis

364 2775 434 2831 Vim
453 2778 579 2845 Boreae,
599 2794 654 2832 neo
675 2778 841 2849 Apaliolae.

246 2975 266 3017 A
282 2974 379 3027 meglio
394 2973 511 3018 ohiarire
529 2988 565 3017 un
580 2974 657 3026 luogo
672 2972 700 3016 di
714 2971 847 3026 quesi'oda
858 2986 910 3015 non
922 2970 934 3013 ὁ
946 2971 1043 3014 inutile
1055 2969 1193 3013 ricordara

203 3043 251 3084 olio
267 3041 403 3090 Veroniea,
423 3041 534 3085 rimasta
549 3040 649 3084 vedova
664 3052 679 3082 a
694 3038 828 3082 iranlaird
843 3040 906 3081 anni
921 3038 947 3081 di
963 3037 1073 3080 Gibarlo
1088 3036 1192 3080 1111001-

203 3111 291 3162 reggio
308 3110 442 3162 (nongento
454 3109 524 3161 1528.)
541 3108 562 3150 si
574 3111 655 3150 tenna
669 3117 772 3159 aampra
784 3106 1027 3157 scrupolosamania
1038 3103 1125 3145 sodale
1136 3104 1194 3147 alla

201 3178 328 3220 memoria
343 3176 504 3225 dalmatino.
519 3177 583 3218 Essa
593 3187 645 3216 non
660 3173 752 3226 depose
767 3172 820 3214 mai
834 3173 872 3225 gli
887 3172 953 3215 abili
964 3171 990 3213 di
1004 3171 1076 3213 lulio
1092 3184 1104 3212 a
1120 3171 1194 3213 sulla

201 3249 281 3296 potia
296 3243 368 3286 della
378 3255 424 3286 sua
434 3256 494 3286 oasa
504 3243 575 3286 volle
586 3240 692 3294 soolpiei
703 3240 795 3283 iversi
810 3239 858 3282 ohe
870 3238 984 3292 Virgilio
999 3250 1064 3292 pona
1076 3238 1103 3279 in
1114 3237 1193 3280 boooa

201 3323 217 3352 a
232 3311 331 3354 Didone
348 3311 429 3363 (Aen.;
446 3324 477 3360 iv,
493 3311 546 3362 25);

346 3390 399 3433 Illa
413 3401 483 3447 meos
498 3391 597 3444 primus
611 3388 655 3442 qui
669 3401 710 3431 me
725 3387 774 3431 sibi
787 3385 877 3440 junxit
891 3397 993 3429 amores

346 3456 474 3506 Absiuiii.
492 3456 540 3499 ille
554 3456 651 3499 habeat
665 3466 754 3498 secum
763 3456 905 3506 servatque
922 3453 1070 3507 sepulchro.

200 3539 238 3582 La
253 3538 333 3580 visita
347 3537 373 3581 Ι11
384 3538 463 3581 Oarlo
475 3539 496 3581 V
511 3551 526 3580 a
542 3535 678 3586 Veronioa,
691 3537 747 3580 alla
761 3535 840 3590 quale
855 3533 877 3578 si
888 3546 1002 3578 aroanna
1016 3546 1080 3588 pure
1091 3532 1118 3575 in
1129 3544 1190 3588 que-

201 3606 290 3657 sl'ode,
306 3618 424 3658 avvenno
440 3605 460 3648 11
473 3605 500 3648 23
514 3615 602 3648 marzo
618 3603 661 3646 del
675 3603 738 3648 1550.
