2550 4176
357 424 436 481 Vere
456 424 545 480 beate
564 440 676 492 somne,
695 421 777 496 quod
796 422 822 479 si
840 421 963 496 saepius

392 516 456 583 His,
475 516 561 583 Divo,
580 534 629 571 me
648 515 761 572 efficias
773 516 870 588 bonis,

357 605 489 661 Felicior
507 606 688 661 coelestibus
706 604 780 661 Deis
798 623 858 671 ero,

390 696 512 750 Summo
530 711 587 749 nec
604 694 731 748 inferior
748 696 837 751 Jove.

250 792 254 803 ’
355 786 397 841 At
415 791 450 839 tu
468 790 613 855 proterva
632 784 771 855 quolibet
792 785 873 856 fuge,
894 783 976 856 eripe

391 875 606 945 Complexibus
625 882 655 930 te
676 880 706 930 te
727 875 811 947 meis,

357 964 388 1020 Si
407 982 531 1019 somnus
550 964 607 1020 iste
627 982 674 1019 me
694 961 840 1036 frequens
861 964 1010 1034 reviserit,

392 1054 514 1108 Tenebo
532 1060 573 1121 te,
593 1052 722 1108 invitum
742 1053 826 1108 licet.

357 1142 439 1209 Quin
457 1141 534 1196 dura
552 1141 603 1207 sis,
623 1140 665 1196 sis
686 1141 854 1213 quamlibet
873 1141 969 1211 ferox,
988 1141 1047 1197 eris

393 1234 433 1286 Et
451 1229 543 1296 mitis,
562 1236 595 1285 et
612 1229 713 1286 facilis
732 1238 843 1286 tamen.

702 1515 742 1555 lv.

358 1641 501 1708 Quamvis
521 1649 550 1697 te
570 1660 693 1713 peream
711 1661 814 1715 aeque,
838 1643 959 1714 Hyellu,
978 1651 1086 1713 totum,

359 1733 421 1786 Nec
440 1749 509 1803 pars
529 1732 577 1798 sit,
597 1750 666 1787 mea
684 1733 747 1799 lux,
768 1733 815 1787 tui
833 1733 906 1798 ullu,
927 1751 1003 1803 quse
1024 1722 1074 1788 me

360 1823 457 1878 Saevo
477 1839 538 1875 non
557 1821 680 1892 penitus
699 1829 825 1892 peruret
844 1822 922 1894 igne,

360 1910 528 1982 Fulgentes
548 1916 651 1964 tumen
667 1909 713 1963 illi
733 1910 937 1982 amabilesque

359 1997 419 2064 Illi,
440 1997 598 2069 syderibus
617 2014 705 2067 pares
725 1997 817 2052 ocelli

360 2087 465 2142 Nostri
483 2085 615 2140 maxima
635 2105 726 2142 causa
744 2093 817 2142 sunt
835 2086 959 2142 furoris.

360 2178 384 2232 Ο
405 2177 467 2231 cari
486 2175 584 2240 nimis,
606 2194 622 2230 o
642 2174 766 2246 benigni
786 2175 886 2243 ocelli,

360 2267 384 2321 Ο
403 2265 486 2320 dulci
505 2263 580 2318 mihi
598 2265 689 2319 melle
710 2264 871 2330 dulciores

362 2353 489 2420 Quando
509 2371 564 2409 vos
582 2353 692 2407 misero
711 2353 785 2406 mihi
803 2353 910 2409 licebit

362 2445 467 2514 Usque
487 2442 525 2497 ad
543 2441 641 2496 millia
659 2441 769 2495 millies
788 2448 928 2497 trecenta

362 2533 426 2586 Aut
445 2530 528 2585 ultra
546 2530 621 2585 haec
642 2529 743 2597 etiam,
764 2530 918 2586 suaviari?

361 2622 407 2687 Di,
429 2621 586 2676 concedite
606 2620 648 2675 mi
664 2621 722 2676 hoc
741 2621 861 2676 misello
881 2622 1004 2691 amenti,

361 2713 440 2770 Dein
459 2712 503 2767 nil
523 2728 616 2784 grave
634 2712 753 2783 perpeti
771 2729 888 2777 recuso,

364 2801 446 2868 Quin
465 2807 496 2857 et
515 2800 541 2855 si
560 2816 688 2872 peream,
702 2801 802 2856 libens
820 2802 934 2872 peribo.

707 3067 738 3107 V.

293 3194 479 3267 Dispeream‚
499 3190 559 3248 nisi
578 3199 613 3248 tu
632 3193 698 3250 vita
716 3193 791 3248 mihi
810 3194 907 3250 carior
924 3195 998 3266 ipsu,

327 3288 429 3356 Atque
448 3283 549 3338 anima
568 3288 661 3354 utque
680 3284 777 3339 oculis
797 3301 836 3354 es,
857 3303 925 3340 mea
942 3286 1063 3358 Hyella,
1083 3287 1170 3345 meis.

293 3373 478 3443 Dispereem‚
498 3370 557 3425 nisi
579 3388 633 3441 ego
653 3371 718 3425 vita
736 3370 794 3425 tibi
813 3372 911 3427 carior
929 3374 995 3444 ipsa

328 3464 430 3533 Atque
449 3459 550 3513 animo
569 3468 660 3529 etque
680 3459 777 3514 oculis
795 3477 868 3527 sum,
888 3479 956 3517 mes
975 3464 1097 3536 Hyella‚
1117 3466 1193 3523 tuis,

293 3549 357 3604 Nec
376 3546 451 3602 setis
469 3545 539 3600 hoc:
557 3545 670 3601 vellem
682 3551 752 3616 pote
771 3547 932 3617 quicquam
951 3550 998 3605 his
1017 3559 1100 3608 esset
1111 3553 1223 3612 haberi

329 3637 444 3706 Curius,
466 3641 500 3690 ut
517 3651 621 3709 posses
640 3635 739 3691 carior
757 3651 823 3691 esse
842 3636 926 3693 mihi.
