2550 4176
148 383 242 441 Dives
262 382 396 440 odoratis
420 403 547 458 surgens
566 384 734 442 Pallantias
753 384 836 441 Indis

185 475 331 530 Gammae
348 474 503 548 fulgentes
522 476 560 532 ad
575 475 650 548 juga
667 475 767 532 flectit
785 493 887 548 equos.

153 565 224 620 Jam
242 582 323 620 nova
341 566 480 636 prodibat
498 566 584 639 segni
602 567 657 622 lux
675 585 768 623 aurea
787 574 895 634 terrae,

186 657 228 711 Et
245 654 363 727 fulgore
383 673 463 711 novo
482 655 603 711 luxerat
621 656 703 712 unda
722 657 822 712 maris.

151 745 228 802 Cum
247 763 357 816 pecora
375 745 407 800 in
426 747 523 802 valles
543 752 707 817 taurosque
728 746 760 801 in
779 754 865 819 prata
883 767 1010 808 vocares

185 837 210 891 E
230 835 381 891 matutino
401 836 499 891 sidere
519 855 606 891 mane
625 854 745 892 recens:

150 926 310 997 Exurgens
329 924 426 980 nitido
448 943 539 980 curru
559 927 701 982 Tithonia
720 926 813 998 Virgo

183 1016 333 1087 Coeperat
351 1020 473 1070 auratas
493 1014 577 1071 Coeli
596 1016 712 1087 aperire
732 1016 823 1072 fores.

148 1106 230 1161 Hinc
249 1104 349 1177 pelagi
366 1104 461 1159 iacies
480 1105 554 1160 solis
571 1107 748 1177 splendebat
765 1108 802 1162 ab
822 1114 900 1175 ortu,

164 1198 224 1263 ¹Et
243 1194 331 1250 tenui
350 1194 462 1266 Tethys
482 1195 564 1265 picta
581 1213 674 1267 genas
693 1195 800 1251 minio:

150 1285 283 1342 Candida
302 1285 479 1338 Leucothoe
499 1284 593 1339 rutilo
612 1284 776 1341 flaventior
795 1304 845 1340 ore

181 1374 283 1446 Surgit
301 1374 338 1428 ab
358 1373 472 1428 auratis
491 1375 610 1430 eminus
629 1375 820 1447 aequoribus

148 1467 301 1520 Horarum
319 1464 451 1535 genitrix
470 1463 572 1520 nimbo
590 1473 781 1536 processerat
799 1485 888 1522 aureo

183 1557 366 1610 Nascentem
386 1556 478 1626 vulgo
498 1554 661 1610 testificata
680 1556 767 1612 diem.

149 1646 311 1716 Aequorea
327 1643 468 1699 Phoebus
487 1662 518 1699 se
538 1661 570 1699 se
589 1645 758 1700 extollebat
776 1647 812 1701 ab
831 1647 912 1702 unda

182 1731 373 1787 Collustrans
392 1731 483 1787 radiis
501 1733 626 1787 aethera
644 1734 804 1805 purpureis

149 1822 225 1877 Cum
244 1838 291 1875 me
310 1820 462 1876 flebilibus
481 1821 616 1877 numeris
635 1823 787 1878 Pandione
807 1831 880 1881 nata

182 1911 281 1983 Impia
299 1912 441 1983 Threjicii
460 1914 524 1968 fata
542 1931 666 1985 gemens
686 1915 768 1987 Ityli,

148 2003 196 2058 Ad
214 2001 318 2057 dulces
336 2002 491 2056 Musarum
510 2003 628 2070 abacos,
648 2003 685 2056 ad
705 2003 837 2057 carmina
855 2005 968 2062 Phoebi

185 2092 226 2145 Et
244 2097 335 2146 vocat
352 2091 390 2145 ad
409 2091 536 2145 blandae
555 2091 658 2146 dulcia
676 2092 793 2162 plectra
811 2092 907 2164 lyrae.
