2550 4176
203 303 238 359 18

220 409 297 464 'an
315 406 341 461 si
359 405 471 461 blanda
489 406 565 461 meis
584 403 690 462 venias
709 404 871 461 retinenda
887 403 1023 472 laoertis,

255 499 338 565 Quos
356 495 411 551 tibi
430 497 499 551 dem
518 495 682 566 amplexus,
701 496 821 568 Lautia,
840 511 957 563 quosve
974 494 1078 550 dabis!

220 587 263 643 'Pe
281 604 320 641 ne
339 603 395 657 ego
413 585 441 640 si
459 590 589 652 teneam,
610 585 715 656 quales
734 600 800 638 mea
818 583 937 650 Lentia,
957 589 1062 639 motus

255 673 429 746 Expediam,
449 673 499 728 vel
518 679 595 743 quot
613 672 670 729 sim
688 673 773 729 ferus
791 672 855 744 ipse
875 671 988 728 modis!

222 765 309 822 Molli
327 763 489 819 Pharitaeo
510 762 638 834 spirabit
655 763 756 819 leatus
775 761 876 830 odore,

257 856 354 922 Quem
374 854 426 908 dat
445 853 570 908 Pellaeo
590 851 713 908 condita
731 858 815 908 terra
833 852 918 907 duee.

222 945 333 1000 Lintea
350 944 504 1000 sudabunt
523 959 645 998 roseum
664 941 788 1012 perfusa
804 941 967 1014 liquorem,

258 1031 486 1103 Myrteolaeqne
504 1029 581 1085 fluet
599 1028 721 1084 lucidus
738 1024 847 1086 humor
866 1048 969 1103 aquae.
1061 1079 1063 1083 Α

223 1123 346 1177 Interea
364 1122 502 1191 miseere,
522 1138 605 1191 puer,
625 1137 663 1174 ne
682 1119 787 1174 desine
806 1121 960 1177 Baoehnm

258 1212 391 1284 Saepius,
411 1218 502 1284 atque
522 1211 591 1267 aliis
609 1211 729 1266 demere
750 1210 854 1267 vinela
873 1211 963 1266 cadis.

224 1302 313 1356 Senio
334 1303 427 1370 adest,
447 1301 631 1373 rabidusque
651 1299 741 1367 oanis,
762 1317 859 1355 venus
878 1316 972 1354 aurea
991 1299 1062 1370 cuja
1082 1301 1152 1355 est?

258 1391 364 1446 Aroeli
382 1389 540 1446 arbitrium
559 1396 589 1444 te
607 1405 700 1460 penes
718 1405 806 1442 omne
825 1387 909 1443 meri.

224 1479 282 1534 Ille
300 1498 410 1535 novem
429 1480 556 1552 cyathos
575 1477 850 1539 musarumiaetus
869 1477 982 1532 honore

262 1568 372 1624 Ebibat
390 1569 441 1624 hio
464 1566 602 1624 Charites
622 1566 886 1638 tergeminumque
906 1567 1044 1622 ohorum.

228 1659 286 1713 Ille
304 1677 377 1714 suae
397 1664 482 1730 potet
501 1658 630 1712 dilectae
650 1654 737 1710 basia
754 1655 896 1728 nimphae

261 1750 302 1803 Et
321 1749 401 1804 laeto
421 1747 557 1804 absentis
574 1766 687 1803 nomen
705 1746 737 1802 in
756 1765 806 1801 ore
825 1754 920 1803 sonet.

225 1839 356 1893 Lusibus
374 1838 422 1895 his
441 1857 511 1892 nam
529 1839 641 1909 gaudet
659 1839 773 1909 hyems,
792 1837 839 1891 his
859 1839 941 1892 laeta
959 1838 1089 1893 terenda
1110 1846 1159 1894 est

260 1931 386 1999 Bruma;
405 1930 491 1986 venit
510 1928 614 1999 rapido
635 1946 716 1984 mors
735 1927 860 1998 inopina
879 1927 963 1998 pede.

672 2189 724 2241 VI.

337 2340 562 2408 nunnius
582 2308 762 2408 [noran
795 2341 1052 2409 Ponranan

541 2480 729 2534 (Tumnlorum,
745 2480 802 2525 Lib.
820 2480 855 2532 u.)

229 2635 362 2708 Liquisti
378 2646 496 2711 patrem
517 2640 549 2694 in
572 2639 717 2707 tenebris,
737 2657 804 2694 mea
823 2640 927 2707 Lucia,
947 2645 1112 2711 postquam

264 2726 288 2778 E
307 2725 378 2781 luoe
397 2727 429 2781 in
448 2729 600 2796 tenebras,
622 2726 692 2793 filia,
712 2733 799 2798 rapta
818 2728 893 2782 mihi
912 2732 955 2784 es'

231 2813 288 2867 Sed
300 2831 400 2886 neque
419 2822 454 2870 tn
472 2816 504 2871 in
522 2818 664 2873 tenebras
681 2823 768 2887 rapta
787 2834 832 2887 es;
851 2817 925 2889 quin
943 2817 1008 2889 ipsa
1020 2819 1166 2875 tenebras
1237 2840 1240 2846 ·

266 2904 397 2976 Liquisti
417 2913 447 2961 et
466 2907 564 2961 medio
584 2906 686 2960 lucida
704 2908 768 2961 sole
788 2905 888 2961 micas.

232 2992 322 3046 Coelo
342 3001 373 3047 te
392 3003 495 3048 natam
514 2995 644 3066 aspici03
665 3013 745 3062 num,
766 3002 846 3063 nata,
866 3003 1030 3066 parentem-

266 3082 408 3153 Aspiois‘?
427 3103 466 3138 an
485 3085 573 3156 fingit
591 3086 667 3140 haec
687 3084 745 3140 sibi
764 3103 843 3141 vana
860 3087 969 3157 pater?

234 3172 374 3227 Solamen
393 3173 501 3230 mortis
520 3174 658 3242 miserae,
677 3180 717 3242 te,
739 3181 822 3242 nata,
841 3177 1016 3247 sepulerum

267 3262 333 3315 Hoo
355 3262 439 3333 tegit,
460 3264 539 3318 haud
561 3263 656 3318 cineri
676 3283 783 3320 sensus
802 3265 901 3320 inesse
921 3271 1032 3336 potest.

235 3349 263 3404 Si
284 3369 344 3421 qua
362 3357 464 3405 tamen
483 3353 519 3407 de
540 3359 570 3408 te
591 3361 716 3424 superat
734 3371 811 3424 pars,
832 3361 911 3421 nata,
931 3353 1027 3409 fatere

271 3441 406 3495 Felicem
427 3459 518 3510 qnam
537 3449 566 3497 te
586 3444 684 3515 prima
698 3443 828 3514 juventa
846 3445 934 3515 rapit.

235 3531 276 3583 At
294 3547 350 3583 nos
369 3531 401 3585 in
419 3531 553 3586 tenebris
571 3532 666 3587 vitam
684 3534 846 3606 luctusque
866 3535 1029 3604 trahemus,

270 3620 336 3675 Hoo
356 3621 488 3692 pretinm
505 3623 586 3693 patri
605 3622 669 3678 filia
688 3643 778 3696 qnam
797 3625 900 3697 genui.
