2550 4176
981 324 1030 382 131

116 437 163 497 'Pu
175 456 296 513 quoque
309 435 389 494 idem
401 433 506 505 velles,
519 443 590 509 pote
604 432 767 508 quicquam
776 431 824 489 his
834 440 916 490 esset
927 433 1033 492 haberi

103 577 107 584 .
150 530 264 597 (larius,
283 535 320 584 ut
337 547 457 601 possem
478 528 576 583 carior
596 545 660 583 esse
681 527 747 583 tibi.

115 621 163 685 Di,
185 619 279 675 facite
297 619 373 675 haec
392 619 500 690 longos
521 618 681 673 concordia
700 619 790 674 duret
808 617 841 673 in
859 634 962 685 annea,

151 709 286 781 Tamque
305 709 400 765 honos
419 713 540 762 mutent
559 708 682 763 saecula
701 707 787 764 nulla
806 706 932 763 animos.

527 900 569 940 VI.

185 1031 245 1098 Qui
264 1030 352 1085 modo
371 1029 511 1100 ingentes
530 1029 631 1084 animo
650 1029 799 1101 parabam,

157 1135 162 1154 ¹
220 1121 342 1187 Bembe,
363 1119 513 1174 bellorum
532 1119 738 1190 strepitusque
759 1126 790 1175 et
810 1138 892 1175 arma

136 1242 154 1269 .
221 1209 364 1275 Scribere,
383 1207 441 1262 hoc
462 1207 514 1263 vix
535 1208 645 1279 exiguo
665 1209 744 1264 male
764 1209 862 1264 audax

542 1294 682 1351 Carmine
701 1313 798 1367 serpo.

185 1386 300 1456 Nempe
321 1400 404 1439 amor
422 1400 548 1453 magnos
568 1383 723 1440 violentus
742 1402 834 1441 ausus

221 1473 326 1546 Fregit
344 1473 450 1537 iratus,
470 1472 557 1528 velut
574 1473 625 1527 hic
644 1479 803 1529 tonantem

221 1560 316 1633 Cogit,
337 1566 369 1617 et
386 1560 504 1615 fulmen
523 1560 658 1616 trifidum
678 1562 800 1617 rubenti

535 1649 653 1704 Ponere
675 1650 791 1706 dextra.

189 1733 238 1796 Sic
257 1745 316 1805 eat,
334 1755 400 1794 sors
421 1745 452 1794 et
470 1756 525 1794 sua
537 1739 604 1794 laus
622 1747 767 1811 sequetur

224 1829 373 1885 candidae
392 1829 499 1884 vultus
517 1829 646 1901 Leleges
666 1836 826 1903 canentem
845 1837 876 1886 et

225 1917 334 1973 Purius
353 1918 435 1974 claro
451 1918 597 1974 radiantis
617 1924 698 1974 astro

455 2021 456 2024 ’
541 2008 665 2064 Frontis
684 2008 826 2065 honores.

186 2097 265 2152 Nota
284 2096 419 2151 Lesboae
437 2096 504 2169 lyra
522 2097 633 2152 blanda
652 2097 795 2169 Sapphus,

220 2187 319 2241 Notus
337 2185 444 2242 Alcaei
462 2187 565 2256 Lycus
584 2186 689 2242 altiori

222 2274 384 2346 Scripserit
403 2274 543 2346 quamvis
561 2274 729 2331 animosum
748 2278 900 2333 Homerus

543 2365 670 2420 Pectine
690 2367 849 2423 Achillem.

523 2556 579 2599 v11.

186 2684 244 2741 Dia
263 2684 387 2741 'Pithoni
405 2684 533 2742 senioris
552 2702 639 2751 uxor,

224 2776 307 2842 Quae
328 2776 409 2831 diem
428 2776 520 2832 vultu
538 2776 674 2832 radiante
696 2776 810 2847 pandiS,

225 2864 301 2920 Cum
319 2882 412 2936 genas
432 2863 521 2920 effers
539 2881 642 2920 roseas
661 2864 784 2920 rubenti

539 2951 669 3007 Praevia
687 2951 761 3021 soli;

186 3039 334 3096 Roscidos
353 3045 389 3094 ut
407 3058 490 3095 nunc
509 3056 564 3112 per
584 3058 672 3111 agros
691 3040 795 3111 vagari

223 3128 283 3182 Sub
303 3134 357 3182 tuo
377 3128 513 3184 adventu
530 3127 628 3200 juvat,
649 3135 680 3184 et
697 3128 829 3184 recentis

222 3216 307 3284 Quae
327 3224 398 3273 tuos
417 3235 536 3289 semper
555 3218 740 3273 comitantur
759 3235 831 3274 axes

542 3307 691 3378 Excipere
709 3325 807 3363 auras.

187 3394 273 3450 Sicca
288 3395 351 3467 jam
369 3414 479 3453 saevus
500 3398 581 3453 calor
600 3403 669 3453 uret
687 3413 768 3464 arva,

222 3487 243 3541 J
245 3504 293 3540 am
311 3487 382 3558 vagi
399 3505 541 3543 aurarum
559 3487 673 3543 levium
692 3487 835 3544 silescant

222 3573 361 3646 spiritua,
378 3575 441 3647 jam
460 3576 506 3632 sol
525 3576 647 3647 rapidus
666 3575 806 3632 furentes

541 3668 655 3723 Exeret
673 3665 761 3737 ignee
