2550 4176
156 273 192 330 74

172 379 261 437 Illius
281 399 299 436 a
317 398 387 436 cara
405 380 458 453 qui
476 397 524 436 me
542 379 690 453 genitrice
709 381 858 454 domoque

206 471 265 526 rPet
283 471 383 527 valuit
401 488 520 526 menses
539 469 707 526 detinuisse
726 470 843 541 procul.

170 561 217 616 'Pu
235 561 301 616 sine
320 579 368 616 me
387 560 491 616 tacitis
510 560 666 627 excedere,
686 558 791 632 Lydia,
811 559 908 630 portis

206 651 253 706 'Pu
271 650 337 707 sine
355 667 403 705 me
420 647 500 722 potis
518 666 551 705 es
570 667 642 704 rura
660 649 765 706 videre
784 650 859 704 tua?

171 740 230 798 cur
249 739 392 795 comitem
409 758 457 795 me
477 739 554 795 dura
571 756 665 810 negas
683 738 864 794 admittere?
883 756 976 796 curve

206 829 329 886 Sarcina
347 847 414 884 sum
433 827 543 883 rhedae
561 827 628 885 visa
647 846 774 884 onerosa
793 829 886 884 tuae?

170 920 207 974 In
225 925 280 974 tua
297 936 359 973 non
377 917 452 972 adeo
471 935 629 989 peccarem
649 917 804 973 commoda
823 918 956 985 demens,

206 1007 330 1064 Arctius
348 1014 384 1062 ut
402 1025 571 1079 premerem
590 1014 676 1079 terga
695 1009 816 1064 latusve
836 1014 934 1064 tuum.

171 1099 346 1154 Conductus
365 1116 425 1152 non
444 1100 550 1154 deerat
568 1116 673 1168 equus,
694 1117 755 1154 non
774 1099 878 1154 deerat
897 1097 1023 1168 amicus,

207 1187 346 1245 Juvisset
364 1187 483 1243 mannis
501 1188 554 1259 qui
574 1206 641 1243 mea
660 1194 733 1244 vota
751 1187 823 1243 suis.

170 1279 238 1350 Ipse
259 1278 349 1350 pedes
369 1278 477 1334 validis
496 1277 583 1349 potui
601 1278 762 1333 decurrere
781 1277 894 1349 plantis

205 1367 273 1423 Sive
293 1367 419 1423 terenda
436 1366 544 1433 brevis,
564 1386 619 1423 seu
638 1366 688 1423 via
707 1367 797 1439 longa
815 1366 884 1422 fuit.

172 1455 232 1527 (Ah
251 1474 313 1528 ego,
334 1456 406 1525 vita,
425 1458 514 1514 modo
533 1459 659 1527 sineres)
676 1477 767 1531 quam
785 1458 908 1514 fortiter
926 1457 1011 1527 irem,

206 1544 334 1602 Sisteret
352 1552 388 1601 ut
405 1547 510 1603 nullus
529 1566 619 1604 crura
637 1547 732 1603 citata
750 1547 850 1603 labor!

169 1633 352 1706 Corruptum
371 1653 427 1690 uec
446 1637 504 1693 iter
520 1637 637 1709 hyeme,
658 1643 689 1692 et
708 1636 892 1709 pluvialibus
911 1635 1023 1692 austris

206 1724 357 1780 suasisset
371 1725 478 1796 justas,
499 1732 530 1781 te
549 1732 738 1797 properante,
757 1744 866 1783 moras.

175 1816 246 1871 Sum
267 1815 331 1871 sine
352 1821 383 1870 te
402 1815 536 1884 viduum,
556 1835 595 1871 an
613 1835 660 1872 me
680 1819 764 1872 ultra
782 1815 907 1888 patieris
925 1816 1048 1873 abesse?

206 1905 278 1960 Heu
297 1904 443 1960 miserum
461 1922 559 1960 meme
579 1922 696 1976 quaeso,
716 1906 821 1961 venire
837 1905 927 1977 jube!

172 1993 289 2064 Ecquid
307 1994 421 2049 habent
439 1992 533 2065 gelidi
551 1999 669 2047 montes
689 1997 721 2047 et
738 1991 891 2063 inhospita
909 1998 1020 2063 tesqua

206 2083 324 2155 Ecquid
341 2083 455 2139 habent
473 2082 537 2138 sine
558 2098 606 2136 me
625 2080 714 2135 devia
732 2098 804 2137 rura
821 2080 912 2136 boni?

173 2175 292 2241 Quaeso
311 2173 416 2232 venire
432 2172 521 2245 jube!
540 2173 688 2227 Placeant
706 2178 774 2227 tum
792 2172 891 2227 lustra
908 2169 1042 2228 ferarum

208 2267 310 2338 Atque
329 2263 402 2320 feris
422 2281 508 2320 arces
527 2262 681 2319 montibus
701 2261 870 2334 impositae.

173 2355 251 2410 Tum
269 2354 411 2426 placeant
429 2354 542 2427 sylvae,
563 2359 637 2408 tunc
657 2351 719 2407 sint
737 2351 912 2424 gratissima
930 2369 1011 2422 saxa,

205 2446 285 2500 Dum
303 2445 384 2500 latus
403 2443 465 2514 ipse
486 2449 595 2515 tegam,
615 2443 737 2513 duxque
758 2458 917 2512 comesque
938 2446 1034 2498 tuum.

172 2534 259 2590 Tunc
274 2533 364 2604 juvet
381 2533 488 2590 audaci
505 2533 624 2604 lepores
643 2531 759 2605 agitare
776 2533 890 2601 lacone,

206 2623 362 2697 Caecaque
381 2623 539 2679 nocturnis
558 2640 670 2694 ponere
690 2621 793 2678 vincla
811 2620 902 2692 lupis.

171 2715 265 2786 Inque
285 2714 389 2784 plagas
408 2714 532 2769 turdum
551 2711 683 2783 strepitu
701 2711 858 2766 detrudere
878 2710 1012 2777 edacem,

206 2803 247 2856 Et
266 2817 475 2874 quaecumque
496 2799 614 2873 hyemis
633 2798 744 2870 gaudia
761 2817 833 2854 rura
851 2799 965 2855 ferunt.

171 2891 297 2957 Quaeso·
308 2890 412 2948 venire
428 2890 509 2962 jube,
529 2890 609 2964 quod
628 2889 654 2945 si
671 2891 752 2945 mala
770 2906 926 2945 murmura
945 2887 1031 2960 vulgi

205 2982 249 3037 Ne
271 2981 381 3037 cierem
399 2981 525 3036 veniens
543 2985 590 3035 est
607 2978 707 3046 timor,
728 2979 793 3050 ipsa
813 2978 888 3035 redi.

185 3184 362 3239 Quest’elegia
369 3197 416 3239 per
424 3197 460 3228 un
471 3196 559 3228 amore
570 3184 700 3240 reggiano,
712 3198 760 3229 oon
768 3185 854 3228 molta
861 3181 1029 3238 probabilia,
1041 3179 1064 3226 il
1071 3180 1126 3226 Ger·

152 3252 226 3296 duaci
240 3255 335 3306 reputa
348 3251 444 3297 scritta
457 3251 503 3294 nel
517 3251 577 3296 1502.
603 3251 647 3305 Op.
661 3253 717 3304 cit.;
732 3263 756 3304 p.
773 3251 852 3294 145·Ὶῖ
