2550 4176
79 392 80 397 Ν
157 303 208 366 rc

276 417 344 483 Qua
361 415 438 471 nihil
457 413 584 473 veniens
604 410 641 469 ab
658 408 768 470 ultimo
788 411 864 470 Indo

275 506 400 575 Clarius,
420 505 567 560 meliusve
588 505 634 559 sol
653 503 788 559 videbat:

267 595 323 651 Cui
342 614 427 651 mens
447 595 582 663 candida,
602 593 780 666 candidique
801 612 910 662 mores,

275 685 382 740 Virtus
400 684 509 753 vivida,
530 683 717 755 comitasque
737 690 849 751 sancta,

276 772 414 828 Caeleste
435 772 598 844 ingenium,
620 772 811 843 eruditioque

277 862 368 929 Rara,
388 868 512 917 nectare
532 860 669 915 dulciora
687 862 788 932 verba,

275 951 397 1006 Summa
416 951 567 1018 nobilitas,
588 950 699 1005 decora
717 950 823 1004 vultus

276 1041 429 1111 MajestaS,
449 1040 602 1110 opulenta,
622 1039 675 1094 sed
693 1039 842 1094 bonorum

276 1130 317 1183 Et
336 1146 385 1183 res
405 1135 437 1183 et
455 1128 561 1183 domus
579 1145 677 1197 usque
700 1133 805 1197 aperta
823 1127 861 1181 ad
882 1145 964 1182 usus

277 1217 336 1272 Illa
355 1217 539 1272 carminibus
558 1217 621 1272 suis
640 1223 753 1287 poetae,

276 1307 437 1379 Quotquot
455 1308 579 1361 saecula
598 1307 696 1361 multa
715 1307 920 1376 protulerunt,

276 1398 381 1467 Longe
399 1397 530 1465 vicerat3
549 1395 604 1450 illa
621 1395 720 1450 vincit
739 1414 852 1464 omnes,

277 1485 346 1540 Sive
363 1484 516 1539 flebilibus
535 1484 630 1538 modis
649 1484 792 1538 maritum

276 1573 473 1628 Exstinctum
492 1573 638 1628 decorans
657 1574 796 1641 sepulcro
815 1573 852 1627 ab
872 1573 932 1627 imo

279 1663 402 1718 Summa
419 1662 505 1717 ducit
524 1662 556 1716 in
575 1670 664 1733 astra,
684 1663 748 1718 sive
767 1663 833 1733 regi

277 1751 437 1820 Caelitum,
458 1752 656 1823 Unigenaeve
675 1752 771 1823 Regis
792 1753 925 1824 hymnos

278 1839 357 1894 Filio
378 1840 474 1894 canit:
494 1839 549 1894 illa
567 1841 617 1895 vel
638 1841 772 1895 canendo

280 1931 395 1985 Ventos
414 1928 531 1995 sistere,
550 1928 710 1983 fluminum
733 1930 845 1984 morari

278 2019 424 2088 Impetus,
444 2024 625 2089 poteratque
646 2018 778 2074 leniores

279 2108 385 2178 Tigres
404 2108 530 2163 reddere
551 2108 675 2162 mitibus
695 2108 853 2164 columbis,

276 2198 318 2251 At
337 2204 382 2266 tu,
400 2198 520 2253 surdior
537 2198 671 2252 Hadriae
691 2199 843 2269 procelliS,

277 2286 485 2341 Immitissima
504 2288 593 2353 Mors,
614 2306 737 2343 manum
758 2307 898 2359 rapacem

278 2371 331 2430 Illi
350 2394 382 2430 es
402 2375 527 2447 injicere
548 2396 634 2432 ausa:
655 2379 736 2432 Mors
757 2381 873 2459 acerba,

280 2467 326 2519 Tu
345 2465 441 2520 solem
460 2467 569 2522 Italiae
590 2487 679 2523 suum
699 2469 862 2523 abstulisti,

277 2556 335 2609 Sed
354 2556 398 2609 nil
416 2557 551 2628 proficis,
572 2575 610 2612 en
629 2577 714 2613 meae
734 2560 899 2614 Columnae

278 2645 371 2697 Fama
390 2643 488 2700 sidere
509 2647 619 2700 clarior
638 2649 789 2718 refulget3

277 2734 325 2787 En
345 2733 489 2800 Victoria,
510 2736 656 2789 caelitum
676 2737 764 2791 beata

277 2821 350 2876 Vita
369 2841 450 2877 nunc
469 2823 593 2894 potitur,
613 2825 743 2895 vagique
766 2826 839 2880 solis

277 2912 337 2965 Sub
356 2929 388 2965 se
409 2913 525 2966 lumina
544 2912 652 2980 cernit,
673 2914 737 2984 ipso
757 2914 822 2969 sole

212 2990 218 3005 '
278 3003 377 3056 Multo
397 3003 654 3075 splendidiorque,
673 3005 888 3076 pulchriorque

278 3093 358 3161 Ergo
376 3090 529 3146 flebilibus
547 3094 669 3147 modum
689 3095 823 3166 querelis

277 3180 346 3233 ,lam
363 3179 436 3249 jam,
457 3182 581 3236 candide
598 3183 753 3251 Turriane,
774 3201 861 3254 pon0,

278 3269 323 3322 Ne
343 3270 458 3338 plorem
476 3270 550 3324 mihi
569 3271 672 3341 inique
693 3273 808 3327 amicus
828 3273 920 3337 illam,

279 3357 364 3422 Quae
382 3358 463 3412 laeto
484 3360 665 3415 celebranda
683 3379 783 3430 versu,
804 3367 835 3416 et
853 3363 912 3432 ipsi

277 3449 424 3503 Addonda
444 3457 490 3505 est
509 3469 635 3507 numero
658 3454 744 3506 beatu
764 3453 883 3508 Divum.

191 3584 309 3631 Vittorie
323 3584 442 3634 Golonna
455 3591 523 3634 morl
538 3591 558 3634 il
572 3593 599 3634 25
613 3591 730 3636 febbraio
744 3594 787 3638 del
805 3595 863 3641 1547.
878 3596 958 3644 Certo
972 3594 1116 3655 querceto

152 3658 185 3707 da
201 3660 317 3706 riferirei
330 3660 388 3706 alla
402 3659 487 3716 prima
500 3658 570 3703 mett
585 3657 612 3703 di
626 3661 787 3712 quell'anno.
