2550 4176
616 508 661 563 11.

152 668 364 736 GELELMI
381 671 529 739 VIDAE
547 674 607 738 ΕΤ
627 672 816 740 LEONAE
842 672 1112 741 OSOASALAE

469 775 639 818 PARENTUM
657 775 793 816 MANIBUS

511 895 671 947 (carminum
684 895 750 950 Lib.)

169 1101 171 1103 >
197 1066 257 1121 Hic
277 1073 379 1124 tamen
399 1070 573 1124 umbrosum
593 1077 704 1126 nactus
722 1089 839 1138 nemuS,
857 1070 907 1124 hic
926 1070 996 1126 loca
1014 1070 1078 1126 sola

199 1159 243 1212 Ne
263 1177 330 1213 mea
348 1160 416 1231 quis
435 1161 548 1230 carpsit
567 1161 694 1215 nimium
713 1162 849 1216 lamenta
868 1178 1003 1226 severus,

197 1249 238 1302 Et
256 1248 384 1303 nimium
403 1256 523 1305 teneros
541 1250 633 1306 fletus
653 1251 782 1306 irriserit
800 1245 897 1322 asper,

197 1337 318 1391 Mecum
337 1338 500 1409 indulgebo
519 1341 607 1394 luctu
627 1340 683 1395 sub
703 1341 836 1394 Tusculo
855 1341 927 1405 alto,

197 1427 236 1480 Et
255 1425 387 1482 lacrimis
406 1427 510 1483 oculos
530 1429 658 1498 explebo
678 1435 709 1483 et
728 1435 854 1500 pectora
873 1428 1010 1500 planctu.

199 1517 278 1570 Luce
299 1534 408 1588 querar
427 1523 607 1589 noctemque
627 1518 702 1573 meis
722 1519 890 1590 ploratibus
909 1520 1028 1574 addam.

153 1622 155 1626 ⁴
196 1606 284 1672 Quod
302 1606 401 1661 solnm
420 1613 563 1676 reputans
581 1625 726 1679 praesaga
744 1615 845 1664 mente
866 1610 1002 1676 verebar,

195 1697 284 1752 Unde
304 1695 379 1751 meis
397 1703 499 1767 posset
516 1696 641 1752 fortuna
659 1698 787 1753 illudere
801 1701 899 1766 rebuS,

195 1786 323 1842 Accidit.
355 1789 434 1842 Acta
453 1785 528 1841 ratis
548 1805 640 1858 prope
656 1788 718 1858 jam
738 1806 805 1843 mea
824 1794 893 1843 tuta
912 1788 1040 1843 tenebat

196 1876 254 1931 Tot
272 1876 372 1947 pelagi
390 1893 406 1930 e
426 1875 560 1945 scopulis
580 1876 693 1932 victrix
713 1882 896 1949 portumque
916 1876 1049 1931 subibat.

194 1966 262 2020 Non
282 1983 336 2036 ego
356 1964 506 2020 Palladias
524 1965 726 2037 nequicquam
744 1965 913 2021 industrius
932 1972 1015 2021 artes

194 2056 364 2120 Tentaram,
384 2056 539 2110 abstrusas
554 2055 619 2123 jam
638 2073 741 2109 rernm
761 2056 906 2110 accedere
927 2073 1059 2122 caussas

193 2145 263 2200 Jam
281 2150 418 2215 poteram
437 2144 539 2199 varios
560 2143 637 2198 caeli
656 2144 839 2214 deprendere
858 2150 969 2212 metue,

175 2277 177 2282 .
193 2238 234 2290 Et
252 2236 382 2308 liquidos
401 2235 484 2290 radio
503 2235 609 2290 mundi
628 2235 797 2290 describere
818 2242 944 2291 tractus.

192 2326 324 2396 Jamque
343 2326 487 2379 canebam
507 2324 616 2379 animis
634 2342 782 2395 superans
800 2325 960 2395 audaxque
976 2324 1111 2396 juventa

192 2414 278 2480 Quae
297 2413 375 2468 nulli
394 2413 543 2468 cecinere.
581 2414 645 2467 Leo
663 2411 726 2483 jam
746 2413 879 2468 carmina
897 2418 1003 2467 nostra

190 2507 260 2576 Ipse
279 2504 377 2560 libens
396 2505 558 2575 relegebat,
580 2522 635 2575 ego
654 2503 701 2559 illi
721 2523 810 2560 carus
832 2510 863 2558 et
881 2510 990 2560 auctus

191 2592 427 2665 Muneribusque
446 2593 612 2665 opibusque
632 2599 664 2648 et
682 2593 848 2648 honoribus
868 2593 1043 2665 insignitus

190 2684 299 2740 Omnia
317 2691 403 2739 erant
422 2683 497 2738 mihi
515 2683 603 2748 laeta,
625 2684 726 2738 anima
744 2684 822 2738 nihil
840 2683 969 2755 amplius
988 2683 1078 2738 ultra

191 2775 345 2844 Optabam,
366 2772 485 2827 cunctis
502 2778 550 2827 sat
568 2779 635 2827 erat
653 2773 768 2827 factum
786 2772 918 2843 undique
937 2771 1019 2827 votis

190 2866 231 2919 Et
248 2862 342 2930 digito
362 2861 439 2917 coeli
459 2860 634 2932 contingere
654 2880 771 2917 summa
787 2860 920 2918 videbar.

189 2954 267 3007 Ecce
288 2958 413 3022 repente
432 2958 533 3006 autem
552 2951 683 3005 stridens
704 2949 844 3006 insibilat
863 2952 971 3017 Eurus

189 3039 330 3107 Aequora
347 3037 519 3100 turbantur,
540 3042 691 3107 portuque
711 3037 829 3091 avellor
849 3034 979 3106 abipso.

188 3127 268 3180 Ecce
287 3131 412 3195 repente
431 3142 523 3179 ruens
542 3124 616 3178 mihi
635 3125 761 3179 acerbus
780 3125 924 3180 vulnerat
943 3142 1036 3179 aures

189 3214 323 3269 Nuntius
343 3221 433 3286 atque
455 3215 557 3268 ambos
576 3215 667 3286 docet
686 3214 821 3269 amisisse
840 3220 990 3285 parentes,

187 3307 268 3358 Ante
281 3304 403 3375 quidem
415 3303 593 3374 genitorem,
607 3322 727 3375 aegram
740 3304 842 3359 subito
856 3304 926 3359 inde
936 3311 1114 3374 parentem.

189 3392 329 3468 Fulmine
349 3411 409 3464 quc
429 3392 544 3463 duplici
563 3391 682 3447 afflatus
697 3392 792 3463 jaceo,
813 3392 910 3447 omnis
929 3392 992 3447 abit
1011 3411 1111 3462 menS,

189 3483 293 3539 Omnis
313 3490 345 3537 et
363 3482 496 3538 exanimi
513 3483 594 3553 fugit
612 3483 648 3536 de
669 3501 792 3552 corpore
813 3500 928 3537 sensus
953 3542 956 3546 ,

189 3573 260 3628 Heu
278 3572 399 3643 genitor
417 3571 491 3625 mihi
510 3572 637 3637 ademte,
657 3588 771 3642 repens,
791 3571 851 3625 heu
869 3576 968 3624 mater
986 3569 1128 3628 ademta!
