2550 4176
620 578 656 630 v.

565 729 702 796 MANE

477 872 658 925 (stromatum,
674 869 731 914 Lib.
745 869 791 921 ιιι.)

238 1050 370 1106 Roscida
387 1047 547 1120 purpureis
566 1064 693 1118 surgens
713 1050 833 1102 Aurora
851 1043 1007 1117 quadrigis

275 1137 440 1192 Tithonum
459 1136 549 1190 viduo
568 1135 702 1207 liquerat
721 1134 754 1188 in
774 1134 917 1188 thalamo.

239 1230 280 1283 Et
296 1226 360 1297 jam
380 1226 513 1280 caelatos
533 1224 619 1296 virgo
638 1224 806 1279 Pallantias
827 1240 900 1277 axes

274 1318 414 1371 Moverat
432 1317 506 1371 Eois
522 1313 669 1368 fluctibus
688 1312 815 1382 Oceani3

239 1406 312 1461 Inde
332 1403 474 1458 coloratis
494 1403 614 1457 coelum
632 1402 770 1474 fulgebat
788 1401 825 1455 ab
844 1400 930 1455 Indis

275 1495 316 1548 Et
335 1492 429 1546 rutila
448 1493 526 1546 ans
545 1490 681 1545 tinxerat
699 1508 773 1545 aura
791 1490 910 1560 plagas:

240 1582 387 1652 Coeperat
405 1581 536 1636 infectos
556 1580 646 1635 terris
666 1580 784 1651 aperire
805 1580 921 1634 colores

276 1674 374 1728 Vecta
392 1671 543 1742 pruinosis
564 1689 657 1726 aurea
674 1670 753 1726 Diva
772 1669 848 1724 rotis

239 1763 280 1816 Et
299 1779 404 1816 roseus
424 1779 534 1831 supera
552 1760 730 1831 splendebat
748 1758 872 1814 Lucifer
892 1775 962 1813 arce

275 1849 412 1904 Mulifido
431 1867 576 1920 spargens
595 1849 677 1903 crine
695 1849 784 1919 jubar
802 1847 942 1903 nitidum.

240 1938 410 1993 Memnonis
429 1938 547 1992 interea
566 1944 704 1992 rorantes
724 1938 809 1992 lutea
827 1937 912 2008 bigas

276 2027 450 2081 Sustulerat
467 2026 538 2080 latis
557 2033 655 2080 mater
673 2027 710 2079 ab
729 2025 919 2097 aequoribus,

240 2117 280 2170 Et
298 2115 379 2169 viola
399 2115 496 2169 crines
514 2114 656 2185 implexa,
675 2114 855 2170 rubentibus
875 2115 932 2170 alis

276 2206 347 2260 dam
367 2205 488 2259 coelum
506 2206 568 2259 late
591 2205 730 2259 cinxerat
749 2212 782 2259 et
799 2205 905 2260 maria.
943 2240 946 2245 -

243 2296 398 2349 Flammea
418 2295 547 2350 Sidoniis
567 2294 726 2350 inflectens
747 2296 852 2361 esseda
870 2294 945 2349 loris

276 2384 333 2438 Per
352 2384 470 2438 coelum
490 2385 625 2455 gaudens
645 2383 710 2438 ibat
728 2403 833 2441 amans
853 2384 986 2456 Cephali,

243 2473 390 2527 Nascenti
408 2473 519 2527 densae
540 2472 687 2526 cedebant
706 2471 775 2527 luce
794 2473 950 2542 tenebrae,

277 2562 426 2632 Surgebat
444 2561 584 2616 tremulis
604 2561 692 2632 ignea
711 2562 826 2632 lampas
845 2561 942 2632 aquiS,

243 2652 391 2722 Coeperat
410 2653 465 2705 Eoi
485 2650 663 2706 candescere
682 2651 778 2706 limen
797 2650 927 2722 Olympi,

278 2743 318 2796 Et
336 2740 432 2795 facies
450 2739 529 2794 fulvi
547 2741 629 2794 laeta
648 2741 756 2796 rubere
777 2740 876 2795 maris.

242 2830 349 2886 Cincta
367 2830 452 2896 rosis
472 2847 618 2902 roseoque
637 2830 715 2896 sinu,
735 2829 889 2901 roseisque
908 2830 1032 2901 papillis

278 2920 380 2990 Atque
399 2919 495 2973 oculis
514 2918 609 2974 roseis
627 2919 716 2983 laeta,
737 2918 813 2972 mari
833 2937 849 2973 e
868 2935 956 2972 roseo

244 3009 364 3063 Aurora
383 3008 523 3062 exoriens
543 3011 626 3063 Auro
645 3008 792 3062 rutilante
807 3008 926 3078 jugales

278 3097 411 3168 Cogebat
429 3114 516 3152 rosea
534 3099 588 3152 sub
604 3097 679 3168 juga
697 3097 794 3168 panda
813 3115 915 3152 manu.

246 3186 327 3241 Exin
346 3187 475 3240 Sarrano
494 3186 627 3241 vestitur
645 3186 761 3241 murice
782 3187 909 3241 coelum.

280 3277 321 3330 Et
341 3293 466 3330 croceus
485 3275 578 3330 rutilo
599 3275 714 3346 spargit
733 3276 770 3330 ab
790 3276 860 3330 orbe
880 3275 980 3330 faces:

245 3365 380 3420 Humida
399 3366 548 3421 sublustri
562 3367 626 3438 jam
645 3385 705 3421 nox
724 3367 897 3422 decesserat
915 3367 1025 3421 umbra

279 3454 320 3507 Et
338 3454 429 3508 dabat
446 3453 585 3509 exoriens
603 3453 690 3524 signa
708 3453 815 3509 futura
834 3453 917 3524 dies;

244 3544 325 3597 Ecce
344 3542 519 3613 repentinis,
538 3542 678 3614 fugiente
699 3543 879 3614 crepuscula
897 3549 989 3598 nocte

279 3635 320 3688 Et
339 3634 473 3688 nondum
493 3632 623 3704 comptis
644 3634 779 3689 exiluere
799 3632 901 3688 comis
