2550 4176
1004 253 1055 310 119

67 351 148 420 Quid
167 351 264 408 dicam
283 350 426 408 miserum
445 369 491 407 me
508 371 596 424 agere
618 359 649 410 et
667 373 758 428 quam
777 354 887 413 ducere
908 354 1001 412 vitam

68 441 274 513 Irrequietum
293 440 387 496 animi
406 448 438 496 et
456 448 635 513 querentem
654 443 794 515 indagine
814 462 893 500 vana

67 532 216 586 Naturam
235 547 354 600 semper
371 529 549 602 fugientem,
569 550 646 603 quae
666 550 697 587 se
717 533 770 587 ubi
788 534 925 604 paullum

67 619 209 676 Ostendit
227 619 309 685 mihi,
329 637 400 673 mox
418 618 514 674 facies
527 620 565 673 'in
584 620 667 675 mille
687 628 812 692 repente

67 708 131 764 Ceu
150 709 288 774 Proteus
309 725 455 763 conversa
473 715 652 780 sequentem
671 709 769 764 eludit
788 716 819 764 et
838 711 923 782 angit

67 798 257 852 Moerentem
274 796 412 868 seniique
431 796 529 863 horas,
550 814 728 868 cassumque
748 799 904 854 laborem?

68 887 175 956 Nuper
194 886 274 942 enim
292 892 401 941 tenues
420 887 546 956 species,
565 886 787 959 simulacraque
807 906 909 943 rerum

68 975 155 1040 Quae
174 974 269 1030 fluere
290 992 327 1030 ex
346 974 419 1044 ipsis
438 975 591 1044 dicuntur,
610 992 722 1046 perque
743 992 844 1031 meare

67 1064 186 1132 Omnia,
207 1065 279 1118 dum
297 1070 400 1120 sector
419 1064 577 1130 meditans,
597 1065 771 1138 tacitusque
790 1067 914 1136 requiro
975 1065 976 1069 ’

67 1154 144 1209 Avia
162 1155 308 1209 silvarum
329 1162 360 1209 et
378 1161 497 1209 secreta
515 1154 637 1209 silentia
655 1157 743 1219 solus,

67 1243 204 1314 Cognovi
222 1250 326 1298 tamen
343 1244 391 1299 his
410 1244 538 1314 spectris
558 1243 679 1299 illudier
698 1245 786 1316 ipsis:

66 1331 112 1386 Ut
131 1349 239 1387 sensus
257 1331 371 1386 ferient
390 1336 517 1398 nostros,
539 1347 717 1401 semperque
737 1330 897 1400 lacessant,
1009 1399 1010 1403 Ἰ

66 1422 185 1493 Perque
203 1421 292 1487 fores,
313 1422 474 1489 caulasque
494 1419 610 1474 animae
631 1420 808 1492 ludentque,
829 1428 991 1494 meentque

65 1513 111 1566 Ac
131 1516 278 1578 remeent,
300 1509 455 1581 ipsamque
476 1526 533 1563 nec
553 1508 633 1562 inter
644 1509 761 1563 somnia
780 1510 931 1582 linquant.

64 1604 145 1672 Ergo
165 1600 223 1655 hoc
243 1599 363 1655 elusum
382 1599 491 1667 studio,
511 1597 688 1669 fessumque
708 1599 811 1654 labore

65 1689 200 1744 Tandem
219 1706 266 1742 me
285 1689 428 1743 miserata
447 1705 517 1742 suos
537 1686 662 1741 abduxit
680 1688 712 1741 in
730 1688 835 1744 hortos

63 1780 153 1834 Musa
171 1796 293 1849 memor,
313 1777 518 1848 tetricumque
538 1776 673 1830 animum
692 1795 797 1832 somno
817 1784 908 1850 atque
928 1779 1031 1849 quiete

63 1867 194 1925 (iuravit
214 1867 408 1938 numerisque
429 1873 459 1920 et
477 1866 586 1922 blando
607 1867 739 1921 carmine
758 1867 845 1923 fovit.

66 1958 145 2012 Tum
164 1956 252 2010 mihi:
273 1957 339 2020 Quo
359 1955 489 2023 tandem,
510 1972 527 2009 0
546 1973 663 2026 semper
682 1956 823 2010 mortalia
842 1974 991 2028 quaereus
1071 1967 1073 1970 ’

63 2048 151 2101 Hanc
172 2045 270 2100 colere
283 2061 378 2115 usque
393 2044 477 2099 voles
490 2044 622 2098 terram?
635 2062 830 2113 nunquamne
844 2046 999 2116 relinques

61 2137 126 2191 Has
145 2136 293 2202 tenebras,
313 2151 510 2205 nunquamne
530 2133 562 2187 in
581 2133 683 2188 lucem
701 2133 816 2188 lumina
834 2135 944 2190 tolles?

61 2226 111 2280 An
130 2223 239 2292 nescia,
259 2240 467 2296 quaecumque
480 2223 530 2277 hic
550 2230 629 2291 sunt,
650 2241 727 2293 quae
740 2222 796 2277 hac
816 2229 905 2280 nocte
926 2230 1073 2295 teguntur

62 2312 172 2368 Omnia
189 2331 238 2368 res
257 2331 380 2382 prorsus
399 2329 487 2367 veras
505 2331 566 2367 non
586 2330 658 2380 esse,
679 2312 732 2367 sed
751 2313 880 2379 umbras,

59 2405 124 2459 Aut
143 2402 277 2473 specula,
296 2402 380 2456 unde
400 2401 437 2456 ad
456 2419 511 2455 nos
531 2401 632 2456 aliena
651 2401 753 2456 elucet
773 2402 894 2472 imago?

61 2491 156 2546 Terra
167 2490 297 2562 quidem,
308 2497 340 2545 et
353 2508 436 2544 mare
448 2497 479 2545 et
493 2491 562 2555 alta,
574 2497 666 2560 atque
677 2489 723 2544 his
737 2490 932 2545 circumfluus
947 2495 1006 2546 aer

60 2583 102 2635 Et
120 2597 197 2650 quae
218 2579 390 2635 consistunt
410 2579 510 2646 exiis,
529 2580 604 2634 haec
625 2579 726 2634 omnia
744 2587 855 2635 tenues
1021 2584 1024 2589 '

62 2670 141 2724 Sunt
153 2669 290 2738 umbrae,
303 2668 459 2734 humanos,
475 2686 551 2740 quae
564 2675 709 2740 tanquam
723 2668 839 2723 somnia
852 2669 1001 2741 quaedam

59 2757 243 2827 Pertingunt
263 2757 381 2811 animos
400 2757 504 2811 fallaci
523 2763 555 2811 et
574 2756 703 2827 imagine
724 2757 845 2825 ludunt,

58 2846 221 2914 Nunquam
240 2845 352 2912 eadem,
371 2844 457 2900 fluxu
478 2863 597 2915 semper
617 2846 735 2900 variata
754 2844 888 2917 perenni.

59 2934 111 2989 Sol
130 2940 242 3000 autem,
262 2935 427 3006 Lunaeque
448 2936 566 3006 globus,
586 2932 798 3006 fulgentiaque
819 2940 901 2989 astra

59 3022 177 3090 Cetera,
196 3022 258 3077 sint
277 3023 415 3094 quamvis
435 3023 557 3078 meliori
576 3024 713 3095 praedita
731 3024 805 3092 vita,

58 3113 100 3165 Et
119 3109 231 3165 donata
250 3129 326 3166 aevo
345 3111 520 3179 immortali,
539 3112 615 3167 haec
635 3112 700 3184 ipsa
718 3119 822 3166 tamen
841 3117 914 3167 sunt

58 3199 189 3255 Aeterni
201 3200 335 3270 specula,
348 3199 380 3254 in
393 3218 470 3269 quae
491 3201 617 3268 animus,
633 3201 686 3272 qui
698 3208 745 3257 est
760 3201 829 3255 inde
843 3201 1000 3271 profectus

58 3287 235 3358 Inspieiens,
252 3288 367 3358 patriae
388 3291 517 3360 quodam
536 3291 623 3362 quasi
642 3296 744 3345 tactus
762 3308 873 3358 amore,

56 3373 205 3439 Ardescit,
225 3375 278 3428 sed
297 3375 386 3442 enim,
400 3376 543 3446 quoniam
561 3376 610 3430 hic
630 3393 691 3430 non
703 3382 820 3446 perstat
838 3382 871 3430 et
889 3377 972 3432 ultra

56 3463 164 3518 Nescio
184 3463 256 3535 quid
274 3464 414 3535 sequitur
434 3483 546 3534 secum,
567 3465 742 3535 tacitusque
761 3465 899 3536 requirit,

62 3551 158 3608 Nosse
177 3550 252 3607 licet
271 3551 386 3608 circum
404 3553 480 3610 haec
500 3555 599 3626 ipsum
619 3553 786 3612 consistere
805 3571 920 3624 verum,
