2550 4176
319 361 456 417 Auctore
475 359 599 415 Phoebo
619 359 762 416 carminis
780 368 814 417 et
832 360 943 432 Lyrae.

355 451 427 505 Mox
445 449 599 522 grandiori
618 468 777 522 aggressus
797 467 872 521 opus
892 452 976 521 tuba,

356 542 463 596 Dicam
481 541 693 612 pharetratum
712 541 888 614 Tyrannum

356 633 461 702 Usque
481 632 518 687 ad
531 633 745 705 Hyperboreos
764 631 914 702 fugatum.

320 721 352 776 Si
370 722 551 776 Noricorum
570 721 694 777 servitio
714 720 802 793 gravi

357 810 505 880 (Namque
526 812 623 867 omnis
642 811 673 866 in
693 817 724 866 te
743 828 812 883 spes
830 811 901 880 sita)
921 812 1078 880 vendices,

358 901 390 955 si
408 919 464 954 nos
483 907 686 956 retractantes
704 900 856 971 benignus

356 990 496 1061 Respicis
514 990 702 1062 imperioque
722 991 832 1058 firmae,

319 1079 402 1134 Gens
420 1079 475 1132 iila
493 1078 605 1134 nostris
623 1078 742 1135 invidet
761 1079 846 1134 otiis:

354 1167 415 1222 Nos
434 1167 610 1221 indecorum
629 1167 751 1221 mittere
770 1168 827 1222 sub
846 1166 956 1238 jugum

352 1257 414 1324 (Ni,
433 1258 555 1326 Caesar,
577 1264 699 1312 avertas
718 1256 849 1323 ruinam)

355 1346 555 1401 Dissimulato
576 1347 653 1414 odio,
673 1347 821 1402 laborant.

319 1435 454 1489 Tentant
473 1435 587 1508 iniquis
608 1436 839 1492 conditionibus

354 1527 486 1579 Decreta
505 1525 653 1596 majorum
672 1530 704 1579 et
722 1532 778 1580 tua
800 1527 910 1581 deleas.

352 1613 410 1667 Pro
429 1614 536 1679 saecla,
557 1613 775 1686 inauditaeque
795 1615 892 1684 leges,

354 1704 455 1773 Atque
474 1702 632 1758 hominum
651 1705 830 1760 truculenta
848 1706 948 1760 iacta!

318 1793 365 1848 'Pu
384 1795 519 1849 membra
537 1795 617 1850 solvi
635 1796 747 1850 nobilis
770 1797 890 1868 imperi,

353 1884 399 1938 Tu
419 1902 457 1938 ne
476 1885 555 1939 hanc
575 1891 722 1955 nepotum
741 1885 909 1957 perniciem
928 1871 1030 1942 feres?

353 1973 401 2025 Ah
420 1991 512 2030 saeva
532 1975 703 2029 contundas
723 1975 882 2030 furentum

353 2062 487 2116 Consilia
505 2070 537 2118 et
556 2065 751 2118 temerariam
772 2065 846 2120 vim.

317 2150 360 2204 'Pe
379 2150 546 2206 liberorum
565 2159 613 2207 tot
627 2166 771 2209 moveant
790 2171 905 2224 praece,

354 2243 396 2297 Te
415 2250 489 2298 vota
509 2251 639 2316 tangant
657 2252 690 2299 et
708 2245 928 2318 querimoniae,

352 2333 411 2389 Per
429 2343 557 2405 sceptra,
577 2354 632 2407 per
650 2354 771 2390 sacrum
789 2355 950 2406 precamur

353 2425 493 2480 Caesarei
511 2427 637 2498 genium
658 2427 787 2482 decoris.

669 2742 713 2792 Π.

204 2876 268 2942 nn
291 2828 524 2943 anvanru
549 2875 780 2942 cassinis
804 2874 981 2942 canoni
1005 2879 1176 2956 onium

601 2979 635 3020 IN
654 2980 787 3019 ITALIAM

530 3075 722 3130 (Numerorum,
739 3078 795 3122 Lib.
810 3080 836 3132 1.)

284 3236 421 3293 Caesaris
440 3238 579 3294 adventu
603 3237 698 3292 tellus
718 3236 854 3292 subridet
874 3240 903 3289 et
925 3253 990 3305 aer;

282 3325 425 3397 Juppiter
445 3317 509 3397 ipse
530 3328 596 3383 dies
617 3327 760 3382 candenti
780 3326 845 3381 sole
864 3332 1002 3395 serenat;

286 3415 399 3471 Vestiri
416 3422 487 3470 ante
506 3416 585 3471 diem
608 3415 738 3470 miratur
762 3413 923 3468 frondibus
942 3415 1038 3469 arbos.

282 3507 367 3560 Haec
387 3505 433 3559 iili
453 3506 620 3560 ostendunt
638 3503 780 3560 vernanti
800 3503 831 3556 in
849 3500 923 3556 flore
939 3502 1087 3574 juventae

283 3597 445 3651 Terrarum
462 3595 623 3667 imperium
641 3593 787 3667 portendi
807 3597 899 3664 atque
920 3593 1134 3665 Amphitrites
