2550 4176
342 417 465 486 Vosque
484 433 575 472 curae
595 415 704 489 liquidi
722 417 864 486 aetheris,

377 506 482 562 Nostri
500 507 640 562 consciae
660 508 773 564 amoris
792 509 842 564 ad·

378 602 453 665 este,
473 596 545 651 dum
564 614 681 667 queror,
701 603 793 669 alque
814 615 868 653 vos

375 688 521 757 Suprema
539 686 679 759 alloquor
696 687 778 743 hora.

340 794 373 850 Si
389 794 434 850 sic
452 793 517 850 fata
534 795 645 851 volunt
663 784 737 862 fera,

374 883 408 939 Si
424 881 468 939 sic
486 889 535 939 esc
552 883 699 954 placitum
717 884 799 946 Deis,

373 975 418 1030 Ut
436 973 523 1029 nobis
543 990 627 1027 amor
645 971 737 1044 impia

374 1063 473 1118 Morio
490 1061 608 1117 lumina
627 1061 744 1128 condat,

338 1168 454 1222 Saltem
471 1184 526 1238 pro
543 1167 658 1238 pietate
678 1185 745 1222 mec
815 1166 816 1170 ’

374 1258 442 1311 Hoc
462 1255 629 1322 concedite,
649 1255 794 1327 frigidum

373 1348 419 1403 Ut
437 1361 546 1415 corpus
567 1344 661 1400 liceat
680 1343 754 1399 mihi

373 1435 485 1489 Vestra
502 1450 615 1503 ponerc
634 1438 723 1488 terra„

337 1534 387 1591 Sic
405 1534 480 1591 satis
499 1534 610 1589 moriar
628 1534 735 1601 libens,

372 1625 404 1680 Si
422 1640 492 1696 spes
510 1624 585 1680 haec
604 1624 709 1679 veniat
727 1623 832 1694 simul;

372 1714 460 1782 Quod
477 1715 563 1770 nullo
582 1713 692 1770 melius
710 1714 778 1769 loco
795 1714 851 1770 hoe

371 1803 504 1875 Linquet
523 1802 649 1874 spiritus
668 1809 760 1878 arluc

335 1902 360 1957 Ο
379 1901 405 1957 si
424 1908 544 1970 tempus
564 1900 622 1956 erit
641 1901 737 1967 modo,

371 1991 448 2046 Cum
466 1997 589 2047 suetum
607 1990 667 2046 huc
687 1989 803 2046 aditum
820 1990 909 2056 ferai,

374 2080 459 2146 Quae
478 2097 534 2134 nos
553 2086 624 2134 ante
644 2080 724 2134 diem
743 2079 847 2151 nigros

371 2168 458 2240 Cogit
476 2167 575 2224 visere
596 2185 709 2233 manes,

334 2267 375 2321 Et
393 2267 496 2322 locum
515 2267 674 2339 aspiciens,
694 2266 747 2324 ubi

370 2355 428 2423 Illo
448 2373 600 2427 purpureo
620 2355 669 2412 die

370 2446 417 2500 Mc
437 2445 523 2517 vidit,
543 2445 687 2502 misorum
706 2447 769 2502 suis

370 2533 504 2589 Multum
524 2542 651 2607 quaerat
669 2536 790 2591 ocellis!

334 2632 393 2687 Seu
408 2632 471 2703 jam
491 2633 599 2705 frigida
617 2635 775 2705 pulverem

369 2721 456 2776 Inter
473 2739 546 2776 saxa
564 2720 686 2789 videm„
699 2721 804 2778 statim

366 2810 494 2865 Pectore
515 2811 620 2867 ardeat
638 2811 747 2866 intimo
766 2818 796 2867 et

368 2901 417 2956 Me
436 2898 479 2956 sic
498 2901 563 2957 fata
580 2908 728 2973 reposcat,

333 2997 377 3054 Ut
395 2997 477 3054 vitae
497 2998 617 3055 veniam
636 2999 786 3071 impetret,

366 3089 408 3143 Et
427 3094 517 3158 coget
534 3089 663 3160 Superos
682 3107 772 3145 suum

366 3179 403 3232 In
423 3185 537 3245 votum,
556 3179 681 3234 humida
699 3179 825 3235 candido

368 3267 500 3338 'Pergens
518 3265 634 3322 lumina
653 3268 732 3324 vele.

329 3364 448 3420 Pulcris
466 3365 600 3437 undique
620 3366 746 3422 ramulis

365 3455 467 3509 Instar
486 3453 590 3511 imbris
610 3453 641 3509 in
662 3474 787 3510 aureum

364 3545 529 3600 Manabant
546 3545 685 3601 dominae
704 3546 804 3602 sinum

364 3634 471 3691 Flores
489 3653 583 3694 suave
604 3636 755 3694 rubentee
