2550 4176
236 312 272 365 86

364 413 468 471 Cernis
488 420 523 469 ut
543 416 662 470 coelum
681 416 823 470 volucres
840 420 999 485 pererrant

393 506 502 560 Mutua
520 504 601 559 inter
620 522 653 559 se
672 505 740 560 vice
759 503 963 560 blandientes!

392 596 471 673 Ecce
491 612 562 664 apes
582 612 710 649 vernum
729 601 874 665 repetunt
892 595 1034 661 laborem,
1056 601 1089 650 et

475 740 478 744 Δ
783 685 875 739 Prata
893 685 1044 740 revisunt.

357 772 467 827 Audin'
488 778 523 826 ut
542 771 639 844 garrit
658 773 819 844 peregrina
837 773 975 840 hirund0,
1016 816 1018 820 Α

392 865 432 917 Et
451 861 545 916 citum
564 862 651 918 nobis
670 863 800 918 reditum
822 863 982 930 ominatur,

389 951 460 1020 Ipsa
479 958 627 1005 consueta
648 969 792 1021 reparans
812 953 912 1008 cubile

781 1043 842 1097 Sub
863 1043 951 1097 trabe
971 1043 1061 1098 natis.

353 1128 434 1193 Quot
453 1133 528 1198 quot
546 1128 707 1182 obsentum
725 1131 775 1202 pia
794 1139 867 1187 vota
885 1151 997 1187 numen

389 1217 496 1271 Audit:
517 1224 552 1270 ut
571 1217 702 1287 primum
721 1221 837 1292 patrios
858 1228 985 1292 penates

388 1306 508 1362 Videro:
529 1307 613 1363 illius
633 1310 776 1378 petulans
792 1309 926 1381 juvenca
1017 1318 1022 1350 ·'

780 1400 904 1455 Imbuet
923 1418 998 1455 aras

692 1643 736 1694 II.

205 1785 482 1855 LUORETIAE
507 1785 722 1853 BORGIAE
748 1789 889 1854 DUOIS
912 1788 1219 1855 EXPECTATIO

569 1932 738 1984 (Garminum,
754 1931 811 1976 Lib.
826 1931 852 1982 ι.)

346 2094 420 2162 Non,
444 2093 496 2147 ubi
515 2091 643 2164 pallenti
661 2098 758 2146 terras
778 2088 904 2144 obduxit
923 2088 1038 2143 amictu

452 2185 619 2256 Omniaque
641 2182 785 2247 occuluit,

344 2277 499 2353 Necdum
519 2293 605 2333 sacra
624 2274 690 2330 dies
710 2271 896 2344 pluvialibus
916 2269 1032 2341 ingruit
1049 2269 1134 2324 horis

451 2368 514 2422 Nec
532 2367 620 2421 iubar
638 2366 773 2432 emicuit,

334 2456 392 2512 Sed
412 2456 529 2510 lasciva
548 2455 607 2511 viri
626 2455 706 2527 rapit
726 2456 829 2510 oscula
848 2453 950 2509 dulcia
970 2451 1082 2507 coniux

449 2547 532 2600 More
553 2546 666 2601 herede
686 2543 842 2616 implicita,

342 2636 429 2690 'Punc
449 2637 577 2691 mortale
600 2655 697 2708 genus
716 2636 857 2691 tenebras
870 2639 1054 2705 noctemque
1067 2651 1213 2704 perosum

444 2726 665 2796 Signitiemque
684 2726 755 2798 poli,

339 2817 411 2872 Jam
429 2818 532 2870 lucere
554 2816 648 2887 cupit,
664 2817 727 2887 jam
747 2815 836 2870 terris
855 2814 934 2868 alma
953 2819 1098 2884 precatur

383 2915 387 2924 '
445 2905 575 2960 Lumina
593 2905 726 2960 restitui.

340 2997 428 3051 Nunc
448 2996 492 3050 ita
510 2995 662 3066 phoebeas
681 3003 784 3066 sperat
803 3014 870 3050 mea
888 2995 987 3067 patria
1005 2995 1101 3061 fundi,

446 3086 489 3139 Te
510 3083 662 3151 veniente,
682 3084 774 3151 faces,

337 3177 413 3231 Diva
433 3183 542 3246 potens
561 3191 672 3242 rerum,
694 3175 845 3240 Lucretia,
867 3180 902 3228 tu
922 3173 995 3227 mihi
1014 3173 1118 3244 magni

440 3262 579 3319 Numinis
598 3263 695 3317 instar
713 3264 815 3318 habes,

335 3360 355 3414 J
358 3376 405 3412 am
425 3362 510 3426 pater
529 3352 679 3408 Eridanus
699 3354 1011 3424 phaethontiadesque
1031 3372 1152 3410 sorores

444 3447 486 3501 Te
507 3440 659 3499 dominam
679 3442 843 3512 accipiunt.

333 3537 462 3592 Succina
482 3537 650 3590 contexunt
669 3531 811 3602 Dryades,
832 3533 988 3605 violasque
1009 3535 1129 3606 Napeae

438 3625 673 3696 Gonglomerant
693 3621 821 3678 calathis
