2550 4176
550 493 578 549 1.

425 652 477 719 IN
499 650 706 718 AMOREM

442 791 607 845 (alogiorum
616 791 683 845 Lib.)

93 973 232 1044 Improbe
253 988 323 1026 cum
342 969 434 1026 solita
455 974 579 1024 careant
597 986 665 1023 mea
683 973 809 1039 pectora
826 966 948 1024 flamma

129 1061 211 1128 Quid
228 1066 379 1115 nocturna
397 1058 473 1112 mihi
490 1058 574 1113 bella
592 1056 724 1124 minaris,
744 1058 859 1113 Amor?

94 1148 140 1204 Sit
159 1147 233 1203 satis
250 1146 378 1219 hyberni
396 1145 539 1217 glacialia
556 1146 670 1216 frigora
689 1147 767 1200 coeli

129 1239 198 1293 Non
217 1238 310 1292 semel
329 1237 366 1291 ad
385 1236 476 1290 duras
497 1234 677 1290 sostinuisse
695 1233 786 1290 fores.
816 1303 820 1310 ⁵

93 1327 162 1382 Sint
179 1327 325 1397 probrosa
343 1324 417 1379 satis
437 1324 582 1379 obscurae
600 1322 703 1394 jurgia
720 1323 828 1391 noctis²
869 1328 873 1335 '

132 1416 250 1487 Totque
270 1414 345 1469 mihi
362 1431 477 1469 vacuos
495 1411 688 1484 praeteriisse
707 1411 779 1468 dies

93 1504 311 1575 Pubentesque
331 1502 405 1558 satis
424 1501 481 1556 tibi
499 1501 540 1556 sit
558 1501 695 1571 potuisse
715 1520 769 1572 per
787 1521 882 1558 annos

129 1593 238 1648 Pressa
256 1592 312 1646 sub
331 1591 483 1645 immerito
502 1591 582 1644 colla
600 1596 705 1658 tenere
722 1590 804 1662 jugo.

95 1682 110 1735 Ι
129 1682 244 1753 procul,
264 1681 344 1735 haud
363 1679 444 1735 tanti
461 1679 576 1734 fuerint
595 1686 648 1734 tua
666 1680 754 1748 dona,
773 1681 898 1752 Cupide,

129 1772 174 1827 Ut
192 1769 267 1824 mihi
284 1788 346 1823 non
364 1768 461 1839 pluris
479 1767 520 1823 sit
539 1785 697 1838 superesse
716 1769 776 1824 diu.
867 1790 869 1794 ·

94 1865 135 1917 Et
154 1860 251 1916 satius
269 1859 364 1914 fuerit
384 1865 525 1915 veterum
543 1865 741 1914 monumenta
759 1860 895 1915 virorum

129 1951 270 2015 Volusio,
291 1965 382 2018 quam
400 1947 483 2018 turpi
501 1948 583 2004 velle
602 1947 633 2002 in
654 1966 755 2004 amore
774 1949 858 2004 mori.

93 2040 142 2095 Me
163 2037 248 2110 piget
266 2036 335 2109 igne
355 2056 422 2093 meo
443 2055 632 2109 quemquam,
644 2043 796 2110 torquere,
816 2039 971 2110 pudetque

129 2129 178 2183 Me
198 2127 337 2182 dominae
358 2133 389 2182 et
407 2126 518 2198 populo
539 2144 629 2197 saepe
649 2126 745 2182 fuisse
760 2127 872 2199 jocum.

94 2216 208 2286 Turpia
227 2214 392 2286 preteritae
412 2232 594 2286 cognoscere
614 2213 697 2269 facta
712 2215 860 2286 juventae

128 2308 224 2376 Nunc,
243 2307 317 2362 licet
336 2305 460 2373 invitus
481 2304 638 2376 praestitit
656 2322 725 2359 acer
744 2307 849 2361 Amor.

93 2395 220 2452 Vindice
241 2412 288 2448 me
308 2392 408 2448 varios
427 2393 518 2447 liceat
537 2392 596 2447 tibi
614 2410 759 2464 quaerere
779 2399 914 2448 amantes
970 2430 972 2434 -

129 2482 257 2554 Cognita
276 2479 458 2536 carminibus
477 2481 707 2550 Parthenopaea
726 2481 811 2536 meis.

93 2573 202 2628 Mutua
220 2588 258 2624 ne
279 2569 399 2626 dubites
417 2575 506 2624 mutu
525 2570 596 2624 dare
616 2569 702 2641 signa
721 2570 850 2641 loquaci,

128 2657 170 2711 Et
188 2655 314 2711 miseros
332 2654 433 2709 verbis
452 2653 618 2709 detinuisse
637 2672 754 2725 procos.

93 2744 143 2798 Mo
164 2761 265 2797 coram
284 2743 377 2797 liceat
395 2741 502 2797 missas
521 2747 653 2796 tractare
674 2743 810 2811 tabellas,

128 2833 281 2904 Pluraque
303 2832 393 2887 rivali
411 2848 539 2886 munera
558 2831 637 2886 ferre
657 2849 733 2886 meo.

94 2921 193 2977 Cessit
212 2920 291 2975 enim
310 2920 420 2976 solitus
440 2919 600 2991 tepefactis
620 2921 759 2976 sensibus
783 2922 880 2992 ardor,

128 3010 192 3064 Nec
210 3027 267 3078 met
287 3009 340 3082 qui
359 3009 482 3064 demens
503 3016 606 3080 egerat
625 3027 708 3064 error
728 3009 799 3081 agit.

93 3098 235 3170 Frigidus
256 3105 302 3155 est
321 3099 404 3154 calor
422 3098 482 3165 ille,
504 3099 580 3155 cinis
599 3099 673 3154 licet
692 3106 811 3156 aestuet
830 3101 914 3156 intus

130 3188 188 3254 Qui
206 3205 254 3242 me
273 3181 439 3243 sollicitum
458 3187 574 3242 fecerat
594 3205 668 3256 esse,
688 3190 778 3243 Deus.

93 3278 175 3334 Hinc
194 3281 285 3345 Deus,
304 3276 376 3331 hinc
395 3277 473 3330 ratio
493 3275 593 3331 dubiis
611 3276 667 3331 sub
687 3277 825 3333 sensibus
843 3278 980 3348 haerent,

131 3366 230 3439 Vique
250 3366 341 3422 simul
362 3372 484 3421 certant
503 3365 554 3421 ille
575 3366 626 3422 vel
644 3366 699 3420 illa
716 3366 790 3437 pari.

96 3457 155 3514 Sed
173 3463 276 3512 tamen
294 3456 449 3512 incumbet
468 3456 571 3512 stabili
590 3455 708 3511 ratione
729 3456 853 3528 Cupid0,

131 3545 163 3605 Si
181 3545 272 3602 datur
290 3545 449 3603 aethereos
467 3545 591 3602 vincere
610 3561 697 3618 posse
717 3547 805 3606 Deos.
