2550 4176
156 276 190 333 ’16

169 385 278 456 Meque
298 384 384 441 aulae
405 383 487 455 cogit
505 382 657 438 dominam
674 389 793 440 tentare
812 385 969 455 potentem

206 474 342 528 Fortuna
361 472 505 546 obsequio
524 473 711 546 servitioque
730 475 822 547 gravi.

171 563 251 628 Mox,
271 560 324 615 ubi
342 567 515 631 pertaesum
536 570 582 618 est
601 564 679 618 male
700 563 780 635 grati
797 563 957 636 Principis,
977 564 1063 619 illam

205 652 273 705 Non
292 650 366 707 tulit
384 651 433 705 hic
451 652 566 708 resides
584 654 705 725 longius
724 655 768 709 ire
787 671 895 709 moras.

170 740 289 806 Laudat
308 746 339 796 et
357 741 472 796 auratis
491 748 527 796 ut
544 760 612 798 eam
630 741 805 814 spectabilis
824 742 914 798 armis

205 833 245 886 Et
263 848 397 886 meream
413 829 488 888 forti
508 832 740 903 conspiciendus
759 849 844 902 equo.

170 922 210 975 Et
229 921 303 976 mihi
321 929 394 978 sunt
413 929 501 993 aptae
520 921 609 990 vires
631 921 810 996 patiensque
831 923 969 978 laborum

208 1012 324 1082 Corpus
343 1013 445 1068 athas
463 1019 590 1084 possunt
609 1013 673 1068 tela
692 1013 797 1068 decere
816 1030 932 1068 manus.

173 1101 235 1156 Nec
253 1120 338 1157 mora
355 1102 486 1157 bellator
506 1102 628 1173 sonipes
647 1109 679 1157 et
699 1108 809 1157 cuncta
827 1107 972 1174 parantur

205 1191 414 1246 Instrumenta
433 1191 497 1246 acri
516 1191 672 1247 commoda
691 1191 829 1246 miiitiae.

171 1280 359 1351 Juratusque
377 1280 427 1352 pio
447 1280 560 1335 celebri
579 1281 634 1336 sub
656 1280 791 1352 principe
811 1279 899 1335 miles

206 1371 342 1440 Expecto
362 1370 537 1426 horrisonae
556 1371 666 1425 martia
684 1371 771 1442 signa
790 1372 891 1425 tubae.

172 1462 193 1516 J
195 1480 243 1516 am
261 1479 359 1532 neque
381 1468 479 1516 castra
498 1462 629 1533 placent,
649 1477 754 1515 rursus
773 1478 830 1515 nec
849 1460 977 1516 classica
994 1459 1090 1526 nobis,

206 1551 253 1604 Ite
272 1551 378 1620 procul
397 1550 490 1621 getici
509 1550 570 1604 tela
585 1554 712 1605 cruenta
730 1549 796 1604 Dei.

171 1639 353 1695 Humanone
373 1646 491 1694 trucem
510 1638 638 1694 foedabo
658 1638 804 1708 sanguine
824 1638 971 1711 dextram,

207 1726 250 1781 Ut
268 1742 354 1779 meus
374 1724 494 1780 assiduo
513 1726 569 1780 sub
588 1725 675 1783 bove.
686 1734 802 1782 crescat
820 1727 911 1798 agor?

171 1815 212 1868 Et
232 1815 321 1870 breve
342 1816 448 1870 mortis
467 1815 525 1870 iter
544 1823 678 1871 sternam
695 1816 778 1882 mihi,
799 1824 829 1871 et
845 1815 984 1872 horridus
1006 1818 1142 1874 umbram

205 1906 338 1959 Horreat
357 1904 505 1960 immitem
523 1905 653 1976 portitor
671 1905 734 1976 ipse
755 1905 874 1960 meam?

170 1995 272 2065 Atque
292 1994 402 2064 aliquis
420 1995 538 2066 placida
557 1992 705 2068 aspiciens
725 2010 743 2044 a
762 1991 832 2045 sede
854 1990 972 2061 piorum

206 2085 253 2138 Me
274 2084 381 2154 procul
400 2084 604 2139 Eumenidum
623 2084 749 2141 verbera
768 2099 861 2138 saeva
877 2081 951 2153 pati,

170 2173 217 2226 En
236 2172 288 2243 qui
307 2175 463 2228 Musarum
482 2173 573 2243 liquit
592 2180 679 2244 grata
698 2172 772 2237 ocia,
792 2171 882 2237 dicat,

204 2263 321 2318 Anxius
341 2270 376 2318 ut
395 2269 517 2334 raperet
536 2279 662 2318 munere
682 2260 790 2316 Martis
810 2279 889 2332 opes

168 2352 307 2407 Manibus
328 2358 359 2407 et
377 2353 467 2408 sociis
485 2358 590 2407 narret
609 2369 657 2406 me
679 2351 769 2422 digna
788 2349 904 2405 subisse

205 2442 365 2513 Supplicia,
385 2443 466 2497 haud
486 2443 550 2496 ulla
568 2440 763 2496 diminuenda
781 2438 840 2494 die.

169 2532 267 2585 Antra
286 2530 360 2585 mihi
378 2533 519 2602 placeant
537 2531 640 2602 potius
660 2535 840 2600 montesque
859 2527 969 2599 supini,

205 2618 375 2691 Vividaque
395 2619 516 2691 irriguis
535 2619 674 2690 gramina
694 2637 814 2692 semper
832 2619 926 2692 aquia.

170 2710 211 2763 Et
229 2715 347 2780 satyros
366 2709 446 2763 inter
466 2711 600 2765 celebres
619 2711 817 2782 Dryadasque
836 2710 955 2780 puellas

206 2800 328 2853 Plectra
346 2799 420 2852 mihi
438 2799 557 2870 digitos,
577 2800 681 2855 fistula
698 2801 784 2855 labra
802 2805 890 2854 terat.

172 2888 251 2943 Dum
271 2906 347 2958 vaga
366 2906 451 2943 mens
469 2888 552 2943 aliud
571 2895 683 2962 poscat,
703 2892 810 2960 procul
830 2899 904 2962 este,
924 2890 1066 2957 Catones,

204 2981 277 3033 Este
297 2978 406 3050 quibus
424 2978 515 3048 parili
533 2979 598 3034 vita
617 2986 724 3034 tenore
744 2979 820 3036 fluit.

170 3068 253 3135 Quos
271 3069 358 3124 labor
376 3077 468 3140 angat
487 3070 546 3125 iter
566 3069 724 3142 cupientes
743 3069 842 3124 limite
862 3077 947 3124 certo

206 3159 255 3212 lre
275 3160 331 3213 sub
351 3158 486 3213 instabili
506 3166 617 3214 cuncta
635 3169 768 3217 novante
788 3162 868 3232 polo.

171 3249 219 3302 Me
240 3267 307 3302 mea
325 3248 467 3304 nobilitas
487 3249 571 3304 senio
591 3250 722 3306 deducat
740 3251 840 3317 inerti,

205 3344 285 3395 Dum
304 3340 405 3396 studia
423 3341 503 3395 haud
522 3341 630 3405 desint,
650 3358 727 3412 quae
747 3340 866 3395 variata
880 3340 1001 3410 juvent.

170 3431 218 3485 Me
239 3430 382 3485 miserum
402 3432 483 3501 quod
501 3430 533 3484 in
552 3431 609 3484 1100
628 3449 689 3485 11011
708 3448 775 3484 sum
794 3429 949 3484 mutabilis
970 3447 1033 3484 uno

207 3520 333 3587 Quando
352 3539 400 3576 me
420 3521 540 3576 assidua
559 3520 701 3591 compede
722 3519 819 3575 vincit
838 3536 930 3574 amor.
