2550 4176
159 283 196 339 50

176 393 217 445 Et
235 388 355 444 tandem
374 388 489 459 gelidos
509 391 627 461 operosi
646 391 803 448 marmoris
823 401 908 451 artus

211 476 347 531 Includit
364 477 511 544 tumulus,
532 483 563 533 et
583 479 673 534 breve
693 498 815 535 carmen
833 482 940 538 habet:

178 566 271 620 “Hoc
287 565 369 636 jacet
387 566 529 621 Albierae
550 568 713 637 pulchrum
732 572 789 624 sub
809 589 959 627 marmore
979 590 1103 644 corpus;

210 654 302 708 Nulla
321 654 443 726 quidem
463 660 583 711 tanturn
605 674 756 713 marmora
774 659 874 715 laudis
893 660 1019 716 habent.

175 742 312 796 Exornat
330 744 488 797 tumulum
507 763 625 816 corpuS,
646 747 699 801 sed
719 746 845 817 spiritus
864 754 961 804 astra:

211 832 235 887 Ο
254 837 369 903 quanta
388 832 516 888 accessit
535 834 633 904 gloria
650 836 778 905 lausque
797 837 910 909 polol„

213 1010 330 1062 Albieru,
347 1011 421 1065 figlia
432 1013 457 1055 di
472 1013 544 1056 Luca
564 1013 634 1067 degli
655 1013 763 1064 Albini,
787 1027 889 1068 nanque
908 1015 955 1058 nel
970 1017 1024 1060 1457
1039 1030 1052 1060 e
1068 1019 1134 1062 morl

151 1076 195 1118 nel
207 1077 266 1127 1473,
282 1076 413 1121 fidennata
427 1091 442 1121 a
453 1078 594 1123 Glemondo
608 1079 679 1123 della
693 1079 776 1124 Stufa.

611 1416 663 1467 VI.

488 1577 537 1643 IN
564 1576 787 1644 LALAGEN

521 1734 682 1787 (Elegiarum
693 1735 760 1787 Lib.)

168 1925 291 1980 Laetior
309 1932 345 1980 ut
365 1942 473 1980 cervus
492 1931 647 1996 protracto
666 1927 789 1984 naribus
809 1931 900 2001 angui

202 2013 296 2067 Exuit
315 2030 429 2066 annoso
449 2031 563 2068 cornua
582 2032 651 2068 cum
670 2015 764 2082 senio,

166 2104 268 2158 Aurea
287 2102 422 2157 callaicis
440 2108 476 2157 ut
493 2120 590 2173 nuper
609 2102 729 2174 dempta
747 2106 872 2162 caminis

201 2194 315 2246 Lauina
333 2210 509 2262 repercusso
529 2191 648 2257 dulcius
667 2194 736 2264 igne
755 2194 866 2261 tremit,

165 2282 324 2336 Pulchrior
342 2284 414 2336 Eois
434 2289 469 2337 ut
488 2281 681 2352 Phosphorus
702 2283 811 2339 emicat
829 2286 927 2354 undis,

200 2372 393 2443 Phosphorus
411 2371 524 2426 Idaliae
544 2371 595 2424 fax
614 2371 753 2427 adamata
771 2372 861 2440 Deae,

164 2461 212 2516 Sic
234 2482 301 2518 mea
318 2462 463 2534 l'rigidulo
484 2479 580 2532 nuper
599 2462 744 2532 languore
764 2462 866 2518 soluta

198 2557 355 2626 Purpureo
375 2554 485 2622 Lalage
505 2552 644 2622 fulgurat
663 2570 714 2606 ore
734 2553 836 2623 magis.

162 2645 292 2716 Adspice
312 2642 436 2698 sidereis
455 2647 490 2696 ut
509 2641 653 2695 blandum
672 2641 785 2697 arridet
802 2643 917 2709 ocellis,

197 2737 300 2806 thue
321 2734 377 2788 sub
397 2732 444 2787 his
464 2729 615 2802 geminam
634 2731 773 2802 lampada
792 2740 916 2803 quassat
935 2752 1030 2804 amor;

161 2822 288 2878 Aureoli
304 2827 341 2877 ut
358 2820 469 2875 ludunt
489 2837 542 2889 per
559 2819 660 2873 lactea
680 2820 758 2873 colla
778 2819 887 2893 capilli,

196 2912 332 2978 Quantus
352 2910 383 2964 in
405 2907 549 2980 explicita
567 2907 669 2962 fronte
689 2908 826 2977 superbit
843 2909 947 2965 honos.

161 3004 259 3068 Quam
278 3019 339 3055 non
359 2998 519 3052 mortalem
540 3015 572 3051 se
595 2996 670 3051 fert!
692 3016 769 3068 quae
782 2997 856 3052 haec
870 3017 923 3053 ora
935 3005 1121 3073 manusque!

195 3094 218 3147 Ο
238 3088 359 3161 Superi!
381 3105 458 3142 aune
476 3086 557 3141 Iovis
577 3085 696 3156 dignior
714 3087 777 3141 ulla
796 3088 905 3142 thoro?

159 3183 247 3237 Nunc
265 3179 417 3243 lacrimae,
439 3194 521 3229 nunc
541 3175 606 3246 ipsa
619 3175 730 3246 juvant
749 3175 890 3247 suspiria:
910 3178 964 3232 sed
984 3186 1019 3235 tu

194 3272 291 3336 Quam
311 3285 395 3338 mage
415 3266 546 3319 formosa
566 3281 606 3342 ep,
626 3270 689 3318 tam
708 3283 794 3335 mage
813 3265 896 3320 mitis
916 3267 996 3321 ades.

159 3362 305 3419 Omnibus
325 3365 395 3414 ante
417 3355 495 3422 aliie,
516 3372 597 3408 nunc
617 3358 648 3406 te
667 3370 786 3424 quoque
807 3355 964 3424 pulchrior
982 3357 1050 3428 ipsa
1069 3377 1104 3414 es

192 3455 298 3523 Deque
319 3449 406 3505 avida
425 3445 552 3501 volucer
570 3442 653 3496 febre
672 3440 842 3512 triumphat
861 3447 963 3517 Amor,

156 3541 214 3595 Sed
233 3547 276 3605 tu,
296 3558 334 3595 ne
353 3535 481 3609 posthac
501 3549 555 3602 per
573 3535 660 3584 tanta
678 3528 816 3599 pericula
834 3530 963 3586 formam

193 3628 368 3698 Quaesieris
387 3632 496 3681 metam
516 3618 645 3690 contigit
664 3618 716 3672 illa
735 3636 829 3675 suam.
