2550 4176
151 283 188 337 68

166 387 227 441 Pro
249 385 366 440 scelere
383 383 509 438 immani
526 382 666 447 moriens,
685 399 740 453 pro
757 381 872 438 talibus
890 381 980 451 ausis,

163 476 212 532 Ah
230 474 351 530 veniam
369 474 500 544 Superos
517 471 620 525 anima
636 470 774 542 fugiente
796 471 932 542 rogabat,

163 565 307 620 Placabat
324 564 455 633 Superos
471 561 555 616 hosti
568 561 632 631 jam
648 559 760 632 frigida
776 559 891 632 lingua

162 655 252 711 Salve
270 653 317 709 bis
334 652 416 708 senis
434 652 534 706 lectus
551 653 658 722 parere
678 649 833 722 magistris

162 747 262 802 blacta
281 742 383 796 animo
400 759 478 813 puer
495 740 626 812 θὲῐθείο,
646 746 678 796 et
696 737 925 811 praestantibus
946 740 1038 807 ousia,

163 836 265 890 Macte
283 849 368 895 nece,
386 837 419 885 et
436 830 517 885 roris
536 847 679 900 magnum
696 829 791 884 decus
808 828 911 884 addite
930 829 1018 886 divis.

164 926 211 980 Tu
228 924 368 995 princeps
386 921 593 994 ignominiam,
611 921 776 993 plagasque
795 926 940 977 cruentas

163 1017 205 1070 Et
221 1013 346 1083 longum
364 1010 558 1066 memoranda
574 1009 739 1080 nepotibus
756 1027 864 1081 aspera
880 1009 945 1066 fata

163 1101 363 1174 Magnanimis
379 1110 450 1173 post
466 1099 576 1164 herois,
595 1117 687 1170 quem
706 1099 833 1154 candida
849 1107 941 1171 partu

163 1192 349 1250 Coelicolum
366 1194 431 1263 regi
448 1197 532 1246 tecto
550 1191 607 1245 snb
625 1206 758 1260 paupere
777 1190 913 1262 nympha

163 1283 230 1338 Non
248 1283 345 1338 ullam
362 1297 514 1344 venerem,
533 1279 635 1334 nullos
653 1285 784 1349 experta
801 1280 987 1351 hymenaeos

166 1370 309 1426 Ediderat
326 1369 406 1441 patri
423 1368 518 1425 flavas
535 1369 557 1424 J
558 1368 679 1424 ordanis
696 1369 735 1424 ad
753 1369 864 1439 undas3

164 1460 263 1516 Testis
281 1461 353 1516 ades
369 1459 453 1530 facti,
474 1476 560 1514 sacro
579 1466 615 1514 tu
633 1458 749 1530 primus
767 1459 805 1514 ab
824 1457 887 1514 illis

163 1549 315 1620 Sanguine
333 1547 509 1620 palmiferae
526 1555 641 1604 terram
660 1547 834 1619 conspergis
852 1548 990 1605 Idumes:

164 1638 205 1691 Et
222 1637 365 1707 pulchrae
384 1636 526 1692 insolitos
544 1638 710 1708 decerpens
728 1636 827 1692 laudis
845 1637 976 1694 honores

165 1727 320 1796 Purpurea
338 1726 451 1794 gaudes
468 1726 602 1782 frontem
621 1726 752 1782 cinxisse
771 1744 912 1783 coronae.

165 1816 254 1872 Unde
274 1815 330 1870 tibi
347 1808 427 1887 grati
444 1835 556 1872 nomen
574 1817 678 1872 dixere
697 1816 839 1872 minores.

164 1906 207 1960 'le
227 1905 367 1962 colimus:
388 1916 471 1962 certo
490 1908 547 1962 tibi
565 1915 702 1980 tempore
721 1926 810 1964 sacra
827 1908 992 1980 quotannis

163 1992 234 2049 Rite
253 1994 366 2050 damus
386 2004 418 2050 et
435 1997 526 2051 thura
542 1997 606 2052 tuis
624 1996 807 2068 imponimus
825 1996 897 2053 aris.

164 2084 261 2151 Quod,
279 2084 306 2139 si
322 2086 387 2140 nlla
405 2084 546 2157 votisque
563 2087 720 2142 hominum
739 2086 940 2159 precibusque
958 2093 1116 2144 moventur

164 2172 303 2243 Numina¹
323 2192 380 2229 nec
399 2176 519 2231 cunctis
537 2176 612 2230 adeo
630 2183 693 2232 stat
711 2177 837 2247 perdere
859 2177 939 2234 divis

163 2261 337 2317 Ausoniam.
357 2265 544 2336 populosque
564 2265 668 2329 Italos,
687 2282 860 2338 nomenque
879 2267 1018 2335 latinum,

164 2354 265 2421 Atque
285 2351 373 2406 malis
391 2371 484 2424 prope
499 2354 563 2425 jam
582 2355 739 2411 confectae
756 2355 878 2411 moenia
894 2357 1020 2423 Rornae,

164 2445 281 2498 Sancte.
302 2441 382 2506 veni,
402 2450 566 2516 coetusque
588 2451 665 2509 tuos,
685 2452 799 2516 tuaque
818 2461 911 2501 aurea
928 2446 1044 2517 templa

162 2533 251 2590 Laeti
269 2551 347 2606 quae
365 2532 446 2587 festa
463 2534 602 2589 velamus
619 2533 729 2589 fronde
747 2551 802 2605 per
821 2535 923 2603 urbes,

163 2627 278 2680 Dexter
295 2621 359 2691 adi,
378 2621 574 2694 placidusque
594 2623 702 2679 animis
720 2622 847 2680 illabere
866 2623 994 2681 nostris:

162 2715 208 2769 Ac
226 2711 357 2783 primum
375 2712 493 2768 miseris
512 2712 662 2768 bellorum
680 2720 713 2769 et
732 2713 833 2769 caedis
852 2731 987 2770 amorem

162 2808 217 2873 Da,
235 2810 330 2874 pater,
349 2821 462 2858 exuere
481 2810 513 2859 et
531 2811 705 2860 tercentum
722 2804 845 2860 mittere
864 2805 899 2861 in
918 2825 1013 2863 annos

163 2893 335 2964 Tigrimque
355 2893 539 2967 Tanaimque
558 2895 648 2961 ultra,
668 2901 700 2950 et
716 2900 786 2966 post
802 2894 883 2952 ferre
902 2896 1034 2969 quietem

161 2982 315 3036 Sollicitos
335 2981 439 3053 populi
458 2982 557 3039 fasces
575 2983 753 3056 adiectaque
771 2983 873 3056 regnis

162 3072 267 3142 Regna
285 3089 376 3143 super
394 3071 553 3146 validoque
572 3075 720 3130 undantia
736 3075 835 3130 milite
854 3081 965 3147 castra,

163 3163 203 3215 Et
220 3179 326 3232 paoem
344 3164 492 3230 venerari,
512 3170 543 3219 et
561 3163 648 3218 mitia
665 3171 785 3221 vertere
804 3164 899 3222 duris.

162 3253 239 3308 Dein
257 3259 359 3324 pestes
377 3253 527 3308 scelerum
546 3260 700 3309 tantorum
719 3259 810 3326 atque
829 3254 949 3326 agmine
968 3256 1059 3326 longo

164 3345 261 3398 llulta
280 3343 341 3397 odii
361 3350 504 3398 concreta
522 3343 618 3398 modis
637 3343 718 3398 mala
734 3343 851 3400 semina
869 3343 951 3410 diris,

162 3432 357 3505 infectasque
375 3433 427 3488 diu
445 3435 536 3499 labeS,
555 3441 588 3489 et
607 3433 734 3489 crimina
752 3451 847 3505 purga

161 3527 231 3581 Heu
249 3525 341 3581 solito
359 3523 506 3596 graviora,
526 3523 646 3595 irasque
666 3530 770 3579 averte
789 3523 926 3580 deorum.
