2550 4176
61 1504 171 1555 Demea
204 1538 872 1557 .................
889 1517 952 1569 pag.
1000 1519 1036 1554 111

60 1594 157 1644 Danaa
170 1610 262 1646 mmet.
274 1610 373 1645 amma
384 1611 411 1646 m
427 1594 525 1644 Imma
534 1609 580 1645 nm
592 1607 685 1643 sncom
697 1609 734 1644 xv
745 1608 761 1641 n
771 1607 820 1643 xv1
832 1605 848 1638 n
860 1605 949 1641 namn

34 1686 36 1689 ·
107 1685 239 1720 rannessa
255 1685 409 1720 insonnem
434 1701 945 1722 ..............
993 1681 1035 1716 vn

232 1802 406 1856 ANTONIO
422 1802 677 1854 BEGOADELLI:

78 1946 84 1958 .
119 1944 125 1957 .
159 1907 368 1970 .Epitaphium
385 1906 517 1959 Orientae
535 1905 664 1956 senensis
666 1937 945 1955 ........
1018 1904 1035 1954 4

116 2018 123 2032 .
154 2020 160 2034 .
179 1981 366 2046 Epitaphium
383 1982 531 2047 Baptistae
549 2014 945 2032 ...........
1021 2015 1034 2041 ‚,

112 2096 118 2109 .
156 2057 366 2123 .Epitaphium
382 2056 553 2108 catharinae
590 2090 941 2107 ..........
1019 2055 1035 2104 5

102 2174 126 2189 ..
158 2139 223 2188 .De
240 2137 341 2188 villico
358 2138 449 2188 stulto
465 2136 569 2188 Aldam
585 2135 716 2186 basiante
744 2170 945 2188 ......
1019 2169 1032 2195 ,,

85 2249 92 2262 .
119 2249 125 2262 .
158 2212 227 2262 .Ad
243 2213 377 2263 Cosmum
394 2209 592 2260 Florentinum
595 2245 943 2260 ..........
1019 2245 1032 2270 „

99 2322 123 2337 ..
156 2286 256 2337 .Laus
273 2286 391 2348 Elysiae
392 2319 943 2336 ...............
1015 2284 1032 2334 6

227 2416 406 2470 PAGIFIOO
422 2415 602 2467 MASSIMI:

75 2553 81 2567 .
113 2558 119 2571 .
152 2518 219 2568 .De
235 2517 341 2569 Puella
352 2553 942 2571 ................
1015 2521 1032 2571 8

89 2629 119 2645 ..
152 2594 218 2644 .De
235 2593 343 2645 Martia
351 2629 943 2646 ................
1001 2597 1032 2649 10

119 2736 120 2739 ’
228 2724 423 2778 GIOVANNI
439 2724 640 2777 PONTANO:

74 2865 81 2876 .
113 2864 120 2877 .
153 2826 224 2878 .Ad
240 2827 379 2878 Fanniam
388 2863 942 2882 ...............
1000 2832 1032 2882 13

54 2903 119 2952 11..
151 2902 308 2966 ,Hymnus
324 2902 355 2951 in
371 2907 485 2953 noctem
503 2940 940 2956 ............
998 2907 1030 2959 14

53 2979 112 3030 III.
154 2979 224 3032 .Ad
240 2979 381 3028 Fannlam
387 3014 942 3032 ...............
998 2983 1029 3033 15

52 3054 123 3106 IV..
155 3054 223 3105 .Ad
240 3054 365 3118 seipsum
388 3091 938 3108 ...............
999 3060 1029 3109 16

52 3127 85 3179 V.
111 3162 118 3177 .
149 3127 291 3191 .Frigore
307 3127 451 3178 invitatur
466 3128 503 3177 ad
520 3129 710 3193 voluptatem.
740 3168 746 3180 .
779 3146 785 3160 ·
818 3167 824 3180 .
856 3169 863 3182 .
896 3166 903 3180 .
935 3168 941 3182 .
998 3133 1030 3182 17

51 3204 120 3259 VI..
153 3203 319 3255 ,Tumulus
335 3203 442 3254 Luaiae
459 3204 608 3255 Pontanae
623 3241 939 3258 .........
998 3211 1030 3259 18
1067 3260 1070 3264 Α

53 3278 120 3331 VII.
152 3278 220 3329 .Ad
236 3277 412 3329 Adriadnam
428 3294 545 3330 uxorem
547 3315 939 3334 ...........
997 3285 1030 3334 19

51 3352 136 3407 VIII.
154 3389 161 3404 .
175 3353 222 3402 Ad
237 3352 377 3403 Batillam
388 3389 938 3408 ...............
997 3357 1028 3408 21

51 3428 119 3480 Ix..
151 3428 223 3480 .Ad
237 3428 358 3480 Stellam
374 3429 517 3493 puellam.
546 3432 554 3480 .'
583 3466 938 3485 ..........
1013 3472 1026 3497 „

51 3507 88 3560 X.
113 3544 120 3559 .
152 3507 222 3558 .Ad
237 3507 378 3557 Focillam
388 3545 940 3565 ...............
996 3515 1029 3565 22

51 3580 120 3634 XI..
154 3581 224 3635 .Ad
240 3580 397 3637 Poenam,
428 3618 939 3640 ..............
1012 3625 1026 3652 „

86 3768 114 3812 13
127 3791 153 3801 -·
168 3768 256 3816 (leena.
271 3770 328 3817 Ant.
344 3772 407 3816 della
422 3773 497 3818 llrlca
513 3774 604 3819 latina.
