2550 4176
269 376 330 434 Ure
350 397 511 450 sperneeee
526 383 675 454 juvenum
693 384 821 456 puellae,

269 471 332 527 Ure
351 471 487 529 diverses
506 475 543 530 eb
562 474 674 530 umoris
692 492 774 541 eure,

271 559 333 615 Ure
353 566 384 615 et
402 561 528 618 immitis
547 563 664 619 enimes
684 569 814 636 tuasque
869 610 883 625 .

552 651 660 707 Ineute
680 649 824 708 flammae.

269 751 310 804 Et
328 749 403 804 mihi
419 749 496 807 felix
515 751 593 818 edes,
613 758 646 808 et
664 761 841 824 protervum

271 838 404 895 Fanniae
423 846 531 911 peetus
550 841 715 908 moderere,
735 841 843 897 edecta

271 927 433 985 Ventilens
451 930 579 1002 sparsim
597 930 673 1000 fene,
692 932 878 1004 dexteraque

553 1019 705 1091 Lempede
723 1012 878 1093 quassans,

269 1122 422 1192 Lampede
440 1128 533 1193 atque
552 1122 623 1179 illos
641 1123 748 1190 radios,
768 1122 871 1179 aduris

271 1210 347 1276 Quis
366 1216 397 1266 et
416 1210 556 1267 immanis
574 1210 708 1283 tigrides,
728 1211 887 1284 ferumque

271 1298 419 1370 Aspidum
438 1300 475 1355 nd
493 1301 597 1373 Syrtes
616 1317 721 1372 genus,
742 1306 834 1373 etque
852 1305 951 1357 tetras

552 1389 590 1444 In
609 1406 690 1445 mure
710 1389 828 1461 phoeas.

606 1716 667 1769 xv.

487 1875 553 1943 AD
576 1875 768 1943 AMICAM
849 1879 853 1886 ’

521 2020 629 2071 (Vernus
643 2016 750 2074 Lyriei.)

237 2207 278 2262 Te
298 2224 346 2273 ne,
365 2206 437 2262 dum
455 2206 544 2280 ludis,
565 2205 696 2263 charites
716 2205 907 2277 sequuntur?

270 2295 311 2350 Te
331 2313 379 2364 ne,
398 2295 470 2351 dum
488 2295 574 2361 rides,
594 2296 708 2352 Amor?
726 2295 765 2350 eh
784 2312 831 2350 me
851 2300 1004 2349 ementem

268 2386 309 2440 Et
326 2383 407 2456 fugit
424 2385 514 2454 risus,
533 2385 715 2458 fugiuntque
734 2386 829 2450 lusus,

549 2475 590 2529 Et
609 2473 713 2530 Charis
733 2473 839 2529 omnis.

232 2577 312 2630 Dum
331 2576 421 2642 canis,
442 2581 546 2632 tenum
564 2575 699 2632 Aonides
719 2575 837 2646 puellae

269 2667 451 2736 Concinunt,
471 2675 504 2723 et
522 2668 594 2723 dum
613 2668 756 2739 loqueris,
777 2668 896 2738 lepores

269 2757 392 2824 Fentur,
412 2757 473 2813 heu
493 2775 540 2813 me
560 2776 621 2813 non
640 2757 733 2828 lepor,
752 2757 814 2812 heu
833 2754 995 2809 dolentem

550 2847 617 2901 Non
636 2845 719 2901 levat
738 2846 816 2900 Aon.

233 2950 314 3003 Dum
332 2947 435 3002 minax
453 2947 484 3003 in
503 2965 558 3004 nos
578 2948 682 3004 oeulos
701 2953 869 3020 retorquete,

269 3036 309 3089 Et
328 3035 400 3091 deos
418 3035 497 3090 irate
516 3037 594 3092 mele
613 3035 797 3107 imprecaris,

269 3125 390 3196 Ingruit
407 3124 513 3181 stetim
531 3127 617 3182 dolor
636 3133 667 3183 et
686 3128 814 3183 deorum

552 3217 603 3272 Ire
621 3217 801 3274 minantum.

233 3317 300 3371 Non
319 3335 356 3372 ne
375 3324 407 3374 et
425 3318 533 3375 infelix
552 3320 758 3393 miserumque
776 3319 907 3376 ementis

268 3408 400 3463 Munus?
420 3415 466 3464 est
485 3408 532 3464 illi
551 3410 646 3478 dolor,
667 3417 714 3465 est
733 3417 763 3465 et
781 3428 878 3482 neque

268 3497 406 3570 Curaque
426 3505 456 3554 et
475 3517 595 3555 moeror
614 3518 724 3569 comes,
745 3507 791 3556 est
811 3502 947 3556 laborum

551 3590 642 3646 Certe
659 3607 800 3661 propago.
