2550 4176
95 478 143 533 En
162 483 268 548 optata
286 478 338 534 din
358 478 639 552 coelo-dignissima
656 481 765 552 proles,

128 567 210 621 Ecce
229 566 334 621 decem
352 584 471 623 menses
490 585 568 639 qnae
586 583 731 638 peperere
751 568 837 622 bona.

91 655 204 711 Rideat
222 655 320 711 omnis
339 673 420 727 ager,
440 656 496 711 tibi
514 656 612 712 rideat
631 656 729 712 omnis
748 655 902 729 Olympus

127 747 169 800 Et
186 745 282 815 patris
302 751 333 800 et
352 746 457 801 matris
476 747 586 818 gandia
605 764 720 817 magna,
739 764 823 818 puer.

93 833 211 888 Cuncta
229 834 362 889 secunda
380 841 434 890 tuo
454 834 541 891 nobis
560 835 742 907 spondemus
760 836 797 890 ab
817 840 895 907 ortu,

127 923 191 978 Nec
209 923 285 978 bene
306 941 392 979 mens
410 925 476 981 voti
497 925 694 994 laetitiaeque
713 941 816 996 capax.

91 1011 209 1067 Gaudia
226 1019 312 1068 tanta
331 1015 453 1070 modum
471 1019 624 1086 superant,
644 1019 849 1085 superantque
868 1026 1007 1068 recessus

125 1101 264 1157 Pectoris
285 1109 316 1159 et
334 1104 429 1158 nimia
448 1106 526 1160 mole
546 1105 665 1160 minora
682 1111 782 1174 putee.

89 1189 158 1244 Non
176 1191 266 1247 aliter
283 1195 405 1264 patulas
424 1192 536 1249 nimius
556 1209 650 1251 sonus
668 1192 795 1264 impedit
812 1209 908 1262 aures,

125 1280 194 1335 Non
213 1281 304 1336 aliter
321 1281 450 1337 nimium
468 1283 585 1337 lumina
603 1289 706 1339 nostra
720 1281 817 1353 jubar.

88 1366 162 1423 Pars
181 1376 405 1441 quotacumque
426 1378 529 1427 tamen
541 1372 670 1443 populos
679 1371 735 1426 tibi
753 1376 903 1426 monstret
923 1375 1061 1446 ovantes,

124 1458 229 1514 Omnis
248 1460 408 1517 odoriferis
427 1461 547 1534 ignibus
566 1480 618 1516 ara
638 1462 727 1517 calet.

89 1546 167 1601 Sunt
185 1565 240 1603 sua
258 1549 385 1619 Junoni,
405 1557 478 1606 sunt
496 1557 529 1606 et
547 1569 602 1606 sua
621 1551 700 1606 dona
719 1549 852 1605 Tonanti

123 1638 164 1691 Et
182 1655 239 1693 sua
256 1657 383 1695 munera
400 1641 491 1697 habet
511 1648 632 1696 caetera
650 1642 740 1696 turba
757 1643 866 1696 Deum.

87 1725 108 1781 J
110 1744 159 1780 am
177 1726 251 1796 fora,
267 1729 330 1801 jam
348 1730 418 1797 vici,
434 1731 497 1802 jam
515 1730 636 1787 fervent
655 1730 787 1801 compita
805 1727 942 1798 flammis,

122 1817 194 1872 Jam
214 1835 310 1874 novus
329 1819 360 1874 in
380 1824 447 1874 tota
465 1819 615 1891 promicat
632 1820 707 1874 urbe
726 1819 816 1874 nitor.

86 1904 245 1978 Atriisque
264 1924 372 1962 sonum
390 1909 464 1964 dant
483 1907 604 1963 tinnula
622 1907 757 1962 turribus
775 1923 855 1974 aera,

131 1999 172 2051 Et
190 1999 306 2054 bombis
325 2000 419 2054 tellus
437 1998 600 2070 grandibus
620 1998 681 2053 icta
701 1997 821 2067 tremit;

85 2092 225 2162 Dumque
245 2094 292 2143 tot
310 2087 436 2143 exaudit
455 2087 597 2143 simulata
615 2086 752 2142 tonitrua
770 2087 898 2156 coelum,

118 2181 159 2234 Et
178 2183 291 2248 stupet,
312 2177 422 2248 hicque
440 2176 535 2231 alium
555 2175 651 2231 credit
670 2175 774 2231 adesse
793 2175 911 2245 Jovem‚

84 2270 124 2323 Et
142 2284 197 2323 nos
215 2266 295 2322 forte
314 2266 392 2338 polis
411 2265 528 2320 inhiare
547 2265 716 2321 nitentibus
735 2264 847 2334 horret,

118 2357 182 2414 Ceu
200 2363 254 2412 tua
272 2374 334 2411 uon
354 2356 439 2411 coelo
458 2361 540 2411 terra
558 2355 648 2410 beata
666 2354 770 2426 magis3

82 2445 126 2500 Ne
146 2444 260 2513 timeat,
281 2461 407 2515 superos
427 2450 567 2514 optemus
585 2449 621 2498 ut
640 2443 682 2498 ire
703 2448 839 2514 penates,

115 2534 174 2589 Sed
192 2551 229 2588 rie
249 2533 286 2588 ad
305 2549 360 2587 nos
379 2532 482 2604 potius
501 2531 591 2588 turba
611 2533 741 2603 superba
760 2538 837 2588 ruat.

81 2623 152 2678 Jam
169 2622 244 2678 colit
260 2624 315 2677 has
334 2623 420 2678 sedes
438 2620 557 2693 superis
575 2622 703 2677 Astraea
721 2621 838 2678 relictis

114 2715 155 2768 Et
173 2712 224 2783 pia
243 2730 312 2766 cnm
331 2729 417 2767 sacra
438 2710 598 2782 relligione
618 2711 700 2766 fides.

80 2795 138 2850 Hic
157 2798 271 2864 Venus,
290 2795 339 2849 hic
358 2795 506 2863 Charites,
525 2794 575 2849 hic
595 2801 642 2850 est
660 2795 815 2850 moderata
833 2796 989 2867 Voluptas,

114 2885 173 2940 Hic
192 2888 285 2942 Amor
304 2885 487 2952 arcitenens
508 2884 739 2956 arcitenensque
758 2887 831 2952 Dea,

78 2975 137 3030 Hic
157 2982 256 3030 castae
276 2973 410 3029 Aonides
430 2980 549 3028 etcum
568 2971 724 3028 Tritonide
743 2973 893 3042 Phoebus²

112 3063 353 3134 Sceptriferaqne
373 3061 491 3116 habitat
509 3062 590 3117 Jnno
608 3060 741 3117 verenda
760 3079 861 3128 manu,

77 3153 144 3207 Hoc
162 3150 371 3224 quodcumque
389 3149 461 3205 boni
480 3149 536 3204 tibi
555 3167 610 3205 nos
630 3149 737 3205 debere
756 3148 897 3205 fatemur.

110 3241 227 3312 Bargia‚
247 3242 312 3296 sola
330 3240 487 3295 hominum
505 3246 578 3295 nata
596 3241 686 3296 beare
706 3257 810 3312 genus.

76 3332 212 3389 Accedas
231 3330 356 3403 Libyen,
376 3329 522 3403 quidquid
540 3334 627 3385 tanet
645 3329 699 3384 illa
717 3329 835 3398 veneni,

109 3421 229 3488 Perdet,
248 3427 281 3474 et
298 3437 317 3474 a
334 3420 425 3476 vultu
444 3419 498 3474 fiet
517 3437 644 3475 amoena
662 3426 726 3475 tuo.

74 3510 210 3567 Accedas
228 3506 340 3577 Nilum,
360 3507 460 3564 saevis
479 3507 566 3563 cadet
584 3507 630 3563 ira
648 3507 791 3577 colubris,

111 3601 186 3657 Tam
204 3599 283 3656 bona
300 3596 398 3654 forma
414 3602 534 3654 trucem
551 3595 671 3654 molliat
687 3595 884 3669 Antiphaten.

73 3859 144 3919 'e-
156 3874 245 3923 Gom·
259 3848 318 3922 aaa.
332 3873 399 3920 aaa
412 3872 488 3921 rrae
499 3870 592 3919 uana
