2550 4176
362 363 541 420 Ementibus
559 363 726 434 pernicioso
746 379 869 419 munere

366 454 586 511 Adulterarum
606 453 705 510 coitus
723 452 925 509 foedissimos.

364 543 463 599 Viden
482 549 517 599 ut
536 543 635 598 audax
653 560 700 597 me
719 546 827 615 rogat?
846 548 993 615 tanquam
1011 542 1140 599 inscium

362 632 437 688 Eius
455 632 593 704 probrosi
612 631 770 689 criminis?
788 634 904 701 recede,
925 632 982 698 abi,

362 720 429 788 Abi,
448 720 607 792 impudica,
628 721 685 795 abi,
704 721 835 779 scelesta
854 727 886 778 et
905 719 1006 791 impia,

361 811 492 880 Impura,
510 810 586 877 lena,
606 810 761 866 venditrix
779 810 948 880 libidinum,

359 899 498 953 Meorum
516 916 653 955 amorum
670 899 866 969 prostitutrix
883 897 993 955 lurida.

363 988 408 1044 Ut
425 988 472 1044 ira
491 989 600 1043 suadet
617 988 770 1060 unguibus
789 985 933 1042 nocentia

362 1077 560 1133 Proscindere
581 1095 641 1147 ora,
661 1083 697 1132 ut
714 1076 817 1149 gliscit
835 1077 968 1147 impetus
986 1075 1076 1130 ferox

359 1165 476 1220 Inferre
495 1166 578 1221 canis
598 1165 732 1222 crinibus
750 1172 852 1225 truces
871 1182 988 1220 manus.

360 1253 496 1325 Impunis
515 1272 553 1309 an
572 1273 610 1310 ne
630 1253 725 1310 abibit
742 1254 818 1309 haec
836 1252 995 1310 venefica?

360 1341 381 1395 J
383 1358 431 1394 am
446 1339 509 1410 jam
528 1339 662 1410 cupidini
680 1357 795 1394 morem
814 1357 917 1410 geram
936 1356 1013 1405 meo,

361 1430 401 1483 Et
420 1433 510 1483 torva
528 1427 645 1483 lumina
665 1445 769 1483 eruam
787 1427 840 1483 isti
859 1427 1033 1498 primulum,

359 1515 508 1588 Linguam
527 1517 634 1572 deinde
655 1518 807 1573 demetam
826 1516 1005 1582 dicaculum,

359 1605 444 1672 Quae
463 1623 510 1660 me
531 1607 684 1662 misellum
703 1604 806 1662 effecit
824 1612 857 1662 et
874 1603 1081 1678 pessundedit,

357 1695 398 1748 Et
416 1693 554 1764 perdidit,
574 1695 756 1768 nullumque
775 1712 898 1767 prorsus
916 1685 1056 1749 reddidit.

359 1784 439 1850 Quid
457 1803 506 1840 me
525 1785 643 1840 sodales
662 1784 805 1841 detinetis
824 1783 967 1856 pessimi?

359 1872 521 1940 Dimittite,
542 1880 588 1930 est
607 1880 725 1929 certum
744 1873 871 1946 obsequi
885 1872 1056 1944 justissimo

359 1965 427 2020 Meo
446 1965 552 2035 furori,
572 1964 689 2020 debitas
707 1979 821 2034 poenas
840 1964 915 2019 luat.

359 2053 433 2109 Mihi
452 2056 597 2110 scelesta:
618 2072 656 2109 an
673 2054 746 2112 huic
764 2071 837 2125 rogo
855 2051 1018 2108 favebitis?

356 2144 495 2199 Fortasse
516 2143 611 2199 nescii
630 2160 721 2214 quam
739 2141 922 2214 inexpiabile

358 2230 464 2286 Scelus
482 2231 611 2302 patretis
630 2231 709 2287 hanc
725 2231 870 2301 juvantes
889 2229 1036 2301 impiam?

357 2319 456 2384 Quam
475 2337 563 2391 saepe
584 2326 674 2376 nocte
694 2318 814 2391 repperi
832 2318 1047 2375 obscurissima

357 2408 462 2464 Sacros
482 2409 663 2465 cadaverum
682 2415 840 2464 eruentem
858 2409 1010 2480 pulverea,

355 2497 489 2568 Diraque
510 2497 641 2552 carmine
660 2507 839 2554 evocantem
856 2497 985 2568 pallidas

356 2587 486 2644 Umbras
504 2587 542 2643 ab
562 2586 632 2643 Orci
650 2586 790 2643 tristibus
809 2585 949 2642 silentiis

353 2676 439 2730 Haec
458 2675 548 2729 noxio
568 2675 700 2731 infantes
720 2675 852 2730 tenellos
871 2674 988 2730 fascino

353 2763 528 2834 Interfecit3
547 2764 693 2820 discedite
712 2769 748 2819 ut
765 2780 877 2835 poenas
895 2764 968 2818 luat.

353 2854 395 2909 At
413 2855 439 2910 si
458 2872 543 2910 meae
564 2871 617 2910 vos
636 2854 680 2908 nil
699 2871 804 2924 preces
818 2852 923 2924 justae
942 2861 1079 2928 movent,

353 2944 390 2996 In
409 2943 569 3014 pessimam
589 2961 710 2999 crucem
728 2943 853 2999 recedat
870 2944 1010 3015 pessima.

352 3031 420 3087 Non
439 3050 535 3104 usque
553 3032 678 3088 habebit
698 3049 753 3088 vos
772 3038 893 3103 paratos
911 3032 1059 3089 subsides.

265 3225 362 3276 Questa
381 3225 466 3276 111101,
482 3197 556 3268 11111
576 3226 694 3270 11100111
707 3225 751 3270 del
764 3227 882 3271 Polidori
901 3228 1048 3281 1111101111,
1064 3241 1136 3273 come
1150 3227 1199 3282 qul,

226 3293 253 3334 in
267 3293 365 3346 Lanam,
381 3293 408 3335 in
422 3291 512 3343 quella
527 3291 570 3334 del
586 3292 673 3346 Pigna,
689 3295 716 3336 in
730 3295 888 3346 Meretricem,
905 3293 1032 3348 ripuar-da
1046 3296 1073 3339 lo
1086 3298 1167 3339 stesso
1178 3306 1201 3336 a·

226 3373 306 3414 more,
321 3360 392 3404 acui
408 3360 431 3403 si
444 3359 563 3403 riferisoe
578 3360 761 3413 l'epigramma
780 3361 951 3414 precedente:
968 3361 981 3404 1
995 3362 1202 3407 1111’111111111111

225 3429 337 3475 sfuriata
357 3433 448 3473 contro
462 3431 490 3473 la
503 3429 610 3474 vecchia
624 3430 672 3474 ohe
687 3435 783 3476 teneva
798 3445 875 3485 mano
888 3433 945 3476 1111
960 3433 1093 3478 1111111111
1108 3433 1155 3477 che
1168 3431 1201 3475 ha

225 3494 327 3539 tradito
338 3495 359 3539 il
372 3499 458 3550 poeta.
