2550 4176
581 426 634 481 IV·
885 442 897 470 ⁰

164 559 325 628 LUDUS
347 559 658 628 NYMPHARUM
672 560 810 632 NIVIS.
829 561 1055 627 TEMPORE

485 700 653 754 (Geminum,
669 701 726 746 Lib.
741 703 787 754 111.)

138 863 243 933 Nuper
260 861 456 935 hyperboreis
476 860 578 932 aquilo
597 861 633 916 de
653 862 793 918 cautibus
811 862 936 918 haustas

173 952 292 1022 Irriguo
311 952 374 1006 late
394 957 547 1021 sparserat
568 969 618 1006 ore
641 951 736 1008 nives.

138 1042 272 1097 Horrida
289 1041 448 1096 nocturnis
469 1043 598 1097 canebat
620 1048 703 1096 terra
723 1042 848 1112 pruinis,

174 1132 305 1186 Flumen
325 1129 477 1185 concretis
496 1147 585 1184 omne
605 1131 726 1202 rigebat
745 1133 839 1204 aquia,

138 1221 241 1290 Atque
260 1218 386 1274 astricta
405 1218 477 1289 gelu
496 1217 632 1273 labentia
651 1219 767 1275 vellera
787 1220 872 1277 coelo

176 1307 343 1363 Sublustris
364 1308 480 1362 circum
499 1325 590 1362 causa
609 1307 718 1363 nitoris
738 1315 832 1364 erant.

139 1399 207 1453 Hoc
226 1397 321 1468 igitur
339 1398 449 1453 blando
470 1398 599 1453 candore
621 1399 733 1452 allecta
752 1400 908 1469 Melaenis,

175 1490 254 1553 Huc,
273 1487 383 1560 inquit,
403 1488 540 1561 comites,
559 1488 629 1554 huc,
649 1489 784 1556 Galatea,
805 1508 890 1546 voca.

140 1579 211 1632 Huc
230 1576 321 1647 agite,
342 1595 359 1632 o
379 1577 540 1648 nymphae,
559 1594 615 1631 seu
633 1582 742 1647 stagna
760 1577 910 1646 liquentia
931 1597 1028 1645 curae,

177 1669 235 1723 Seu
255 1685 341 1740 mage
362 1667 490 1723 furtivis
510 1667 593 1721 culta
609 1665 722 1721 fovetis
741 1666 836 1738 aquis,

141 1760 220 1830 Huc,
239 1758 390 1830 nymphae
408 1757 556 1821 Aonides,
575 1772 714 1826 quaeque
734 1754 816 1810 inter
833 1756 931 1811 lustra
949 1756 1082 1813 ferarum

176 1846 370 1918 Montivagae
391 1844 493 1901 colitis
513 1845 627 1900 innuba
646 1843 731 1916 signa
749 1848 841 1913 Deae,
892 1916 894 1920 Ι

142 1936 179 1990 In
197 1953 359 1991 numerum
377 1935 531 2007 hybernas
547 1934 637 2006 juvat
658 1952 801 1990 exercere
820 1935 997 2004 palaestrae,

176 2027 217 2080 Et
236 2024 307 2080 nive
326 2023 469 2080 suffartas
490 2022 682 2079 conseruisse
703 2042 820 2080 manue.

142 2117 226 2171 Haec
244 2115 296 2170 vix
314 2115 388 2178 fata,
408 2115 517 2186 etjam
537 2115 683 2186 linquunt
702 2117 823 2186 spelaea
841 2117 970 2190 Napeae,

176 2208 350 2260 Decurrunt
369 2205 497 2261 Driades
515 2205 706 2276 Naiadesque
722 2206 814 2276 jugis.

140 2293 368 2364 Liquentesque
387 2295 492 2365 globos
512 2295 674 2349 volucrem
692 2296 882 2352 meditantur
900 2297 932 2352 in
952 2299 1063 2364 orbem,

177 2385 218 2437 Et
238 2391 395 2453 compacta
413 2384 484 2455 gelu
503 2384 643 2453 protinus
665 2402 748 2438 arma
766 2393 883 2456 parant.

142 2474 239 2545 Inque
259 2472 357 2528 vicem
375 2472 532 2543 Nymphae
553 2473 669 2542 gelidos
688 2473 848 2530 luctantur
866 2476 896 2530 in
917 2477 1005 2544 ictuS,

176 2563 295 2632 Perque
314 2561 399 2617 sinus
416 2561 526 2617 fluidos
545 2562 664 2617 lubrica
683 2565 747 2618 tela
767 2566 889 2622 cadunt.

143 2651 252 2723 'Pespia
270 2651 415 2706 florentes
434 2670 520 2707 suras
541 2652 665 2707 evincta
683 2660 811 2709 coturno

177 2740 327 2796 Concreto
346 2741 494 2813 Aegeriae
513 2741 644 2813 perculit
663 2742 759 2797 imbre
778 2759 879 2812 genas,

142 2830 368 2903 Percussaeque
385 2849 480 2903 genae
499 2833 620 2887 dulcem
638 2839 760 2887 traxere
779 2832 928 2899 ruborem,

177 2919 301 2976 Scilicet
320 2921 352 2976 in
370 2921 461 2977 niveo
482 2921 550 2991 plus
569 2927 658 2976 decet
678 2939 729 2976 ore
748 2922 848 2976 rubor.

142 3010 221 3066 Tum
239 3029 312 3067 vero
331 3012 474 3083 Aegeria:
496 3013 563 3066 Non
581 3012 639 3067 hoc
658 3012 783 3082 impune
803 3012 945 3079 feremus

179 3099 273 3169 Dixit,
292 3106 325 3155 et
343 3101 471 3157 ultrices
491 3101 591 3156 tendit
610 3101 642 3156 in
662 3120 715 3156 ora
733 3118 852 3155 manue.

144 3190 254 3260 'Pespia
273 3192 326 3246 sed
343 3191 466 3262 fugiens
486 3187 544 3244 sibi
564 3206 623 3260 quo
642 3206 723 3242 nova
742 3187 805 3241 tela
824 3191 953 3255 pararet,

178 3279 306 3336 Labitur
325 3285 356 3334 et
374 3280 486 3352 retegit
504 3278 615 3347 nobile,
635 3278 726 3347 lapsa,
746 3275 859 3330 femur.

143 3370 292 3426 Riserunt
310 3370 468 3443 nymphae,
488 3369 556 3424 risit
574 3385 682 3423 nemus
702 3382 789 3420 omne
806 3363 1018 3435 propinquum,

177 3460 319 3533 Assurgit
339 3460 431 3515 celeri
450 3458 592 3530 protinus
611 3456 664 3510 illa
682 3454 767 3525 pede.

142 3550 220 3605 Tum
239 3550 436 3604 festinantem
455 3550 551 3607 moles
571 3547 738 3618 glomerare
758 3541 890 3609 nivosas,

177 3640 338 3712 Aegeriam
357 3638 462 3710 rapida
480 3637 596 3711 Cyrrha
615 3640 735 3690 morata
753 3648 846 3686 manu
864 3636 925 3702 est;
