2550 4176
148 401 309 474 Liquitur;
329 408 361 456 et
379 402 568 472 quamquam'
582 397 663 452 dirae
685 395 814 468 vestigia
833 396 939 451 mortis

189 489 296 545 Cernit
314 495 346 543 11
366 495 539 543 extremum
557 486 652 541 sentit
672 486 776 541 adesse
796 485 884 552 diem,

150 578 249 633 Corde
270 583 373 631 tamen
391 576 540 647 gemitum
559 573 671 646 premit
688 583 721 628 et
739 591 824 644 spem
842 574 945 629 fronte
964 583 1093 640 serenat,

186 665 502 738 Ι11111111111111111111
522 663 735 720 dissimulante
755 664 847 734 tegit,

149 755 276 811 Scilicet
293 760 421 824 augeret
440 753 558 824 trepidi
578 770 617 807 11
636 753 712 807 dura
730 753 833 807 mariti

183 846 342 908 Lamenta,
362 849 395 897 et
414 860 501 898 curas
519 843 674 897 anxietate
696 846 828 913 graves

150 935 171 988 J
172 950 222 988 am
240 931 358 987 decima
377 931 542 986 infaustam
561 931 712 986 referebat
731 931 870 1002 lampade
890 934 991 988 lucem

186 1019 345 1092 Cynthius
365 1024 396 1072 et
415 1017 501 1089 picea
520 1025 640 1073 texerat
660 1037 713 1073 ora
731 1018 806 1087 face,

152 1109 227 1164 Cum
248 1107 376 1162 miserae
390 1113 545 1164 extremus
561 1108 624 1178 jam
642 1115 794 1179 presserat
813 1127 897 1164 error
915 1112 1037 1178 ocellos,

186 1199 321 1268 Fugerat
339 1197 401 1252 heu
420 1197 534 1262 vultus,
553 1198 673 1267 fugerat
692 1215 743 1253 ore
764 1199 857 1253 color.

153 1287 272 1360 Aspicit
290 1287 346 1343 illa
364 1288 606 1365 tamen-dulcem
625 1287 775 1342 moritura
794 1288 945 1355 maritum,

186 1378 280 1432 Illum
299 1376 364 1431 acie
382 1377 481 1431 solum
500 1375 661 1431 deficiente
681 1382 781 1446 notat;

152 1466 239 1521 Illius
259 1470 385 1535 aspectu
404 1464 564 1520 morientia
582 1466 698 1520 lumina
717 1465 823 1536 pascit,

186 1557 271 1610 Mens
290 1553 379 1608 illum
398 1571 414 1608 e
433 1553 531 1609 media
551 1559 648 1608 morte
667 1572 789 1609 reversa
808 1555 901 1611 videt.

153 1644 226 1710 Quis
246 1643 303 1699 tibi
323 1649 406 1714 tunc,
426 1642 593 1708 Sismunde,
612 1643 706 1708 dolor,
729 1661 798 1697 cum
817 1643 944 1715 virginis
964 1652 1049 1702 artus

186 1732 346 1803 Aspiceros
366 1730 466 1785 anima
483 1730 548 1801 jam
566 1731 704 1802 fugiente
723 1732 818 1786 mori?

153 1820 218 1874 Non
238 1826 342 1875 tamen
360 1819 415 1874 illa
433 1819 481 1874 tui
499 1836 560 1873 non
579 1818 633 1874 illa
652 1819 747 1874 oblita
765 1827 935 1891 parentum,

187 1907 229 1962 'Pe
251 1913 341 1962 vocat
361 1906 490 1962 1111111
511 1906 614 1961 fundit
632 1907 669 1961 ab
689 1923 739 1962 ore
758 1925 860 1965 sonos:

152 1995 224 2051 Pars
243 1995 371 2062 animae,
393 1994 560 2060 Sismunde,
579 2012 673 2060 meae,
693 1994 719 2050 si
739 1995 879 2068 conjugis
898 1997 929 2051 11
948 2004 979 2053 11

186 2084 357 2154 Quicquam
373 2083 452 2154 juris
470 2083 583 2139 habent
601 2083 711 2138 ultima
729 2086 823 2140 verba
840 2093 920 2151 tuae,

152 2172 254 2238 Parce,
273 2190 388 2243 precor,
409 2171 587 2244 lachrymis:
607 2172 680 2238 vixi,
702 2191 883 2246 cursumque
902 2176 1012 2246 peregi,

185 2262 256 2316 Jam
274 2262 383 2332 procul
404 2279 421 2315 a
440 2261 526 2317 vobis
545 2278 591 2314 me
611 2278 677 2315 mea
694 2259 759 2316 fata
778 2270 898 2318 vocant.

152 2350 319 2404 Immatura
338 2349 461 2419 quidem
481 2348 600 2415 morior,
620 2350 673 2404 sed
693 2368 768 2420 pura
786 2352 842 2406 sub
862 2353 983 2407 umbras

185 2439 347 2496 Discedam
368 2444 399 2494 et
417 2438 510 2494 nullis
529 2439 649 2494 sordida
667 2440 703 2494 de
722 2441 860 2494 maculis.

152 2528 312 2583 Discedam
331 2527 416 2598 virgo
435 2526 551 2582 facibus
570 2545 627 2582 111
647 2527 729 2583 victa
748 2527 878 2598 maritis;
960 2592 963 2599 ¹

186 2617 269 2673 Cassi
289 2616 425 2688 coniugii
442 2616 488 2671 nil
507 2616 567 2670 nisi
586 2634 698 2671 nomen
714 2616 845 2671 habens:

152 2707 207 2761 Est
225 2705 300 2760 mihi
318 2706 407 2760 dulce
426 2704 510 2770 mori,
530 2704 684 2775 vitamque
705 2704 878 2774 impendere
896 2705 1005 2760 famae.

185 2794 277 2849 Edita
295 2793 418 2849 mortali
440 2792 614 2848 conditione
635 2793 695 2848 fui:

153 2883 193 2937 At
211 2882 270 2937 nisi
289 2901 371 2939 nunc
390 2899 523 2937 morerer
540 2881 658 2936 fueram
677 2881 825 2937 moritura
843 2882 986 2951 subinde;

187 2972 243 3026 Est
261 2970 336 3025 mihi
354 2971 444 3026 dulce
464 2969 565 3035 etiam,
586 2976 616 3024 11
636 2976 809 3038 superante,
831 2969 917 3024 mori.

152 3059 201 3114 Nil
220 3061 295 3115 mihi
310 3061 373 3132 jam
390 3067 534 3132 poterant
545 3060 618 3114 anni
637 3059 774 3114 conferre
796 3059 917 3114 seniles.

187 3143 260 3204 Vita
278 3149 381 3205 brevis
400 3149 485 3220 longi
503 3147 646 3218 temporis
666 3147 762 3201 instar
780 3147 881 3202 habet.

158 3237 199 3292 Mi
217 3238 341 3293 dederat
360 3237 460 3292 teneri
477 3237 560 3308 leges
579 3242 689 3290 natura
707 3235 839 3307 pudoris,

186 3327 230 3384 Mi
249 3327 374 3382 dederat
393 3344 492 3382 mores
512 3344 581 3380 oum
599 3325 749 3396 probitate
767 3324 841 3395 pios.

154 3417 205 3472 Nil
221 3416 334 3472 mutari
353 3417 385 3470 in
404 3433 452 3470 me
473 3431 607 3486 cuperes
627 3413 685 3489 nisi
705 3413 806 3468 tristia
826 3414 905 3469 fata:

187 3508 346 3566 Humanae
366 3506 427 3562 vici
447 3504 629 3561 conditionis
648 3520 731 3577 opus
