2550 4176
633 464 703 516 VII.

356 615 420 682 AD
444 612 738 681 ADRIADNAM
761 611 966 680 UXOREM

536 753 676 810 (anjam,
693 754 747 799 nib.
762 753 789 805 ฮน.)

335 943 427 1008 Uxor,
447 942 574 997 deliciae
595 940 678 997 senis
698 939 808 1008 mariti,

334 1032 374 1086 Et
393 1030 471 1086 casti
483 1029 611 1085 thalami
628 1029 704 1085 fides
722 1046 874 1101 amorque5

332 1121 391 1174 Per
410 1127 440 1175 te
457 1119 506 1174 vel
525 1119 631 1175 viridis
650 1118 723 1172 mihi
742 1125 867 1174 senecta
886 1125 942 1187 est,

336 1211 432 1276 Quem
446 1226 537 1264 curae
555 1208 681 1280 fugiunt
699 1225 804 1263 senem
822 1209 943 1275 senilen,

335 1299 396 1366 Qui
408 1316 507 1354 seram
525 1315 635 1370 supero
655 1314 747 1354 senex
766 1304 922 1353 senectam
968 1368 970 1373 y

333 1390 372 1443 Et
391 1405 496 1452 canus,
516 1387 662 1442 iuvenum
682 1405 757 1442 cano
775 1386 901 1443 furoree

332 1478 388 1534 Sed
407 1484 553 1548 tanquam
571 1477 676 1532 redeat
694 1477 776 1531 calor
792 1476 940 1546 juventae

332 1568 373 1622 Et
392 1567 433 1622 sis
454 1583 527 1622 cura
546 1582 653 1621 recens
673 1583 817 1636 amorque
836 1566 951 1638 primus

333 1659 373 1712 Et
391 1656 503 1728 primas
521 1655 608 1710 furor
626 1655 817 1728 impetusque
837 1673 946 1712 saevus

332 1746 485 1819 Antiquae
504 1746 574 1800 volo
596 1745 745 1800 suscitare
765 1745 908 1802 flammae.
1009 1808 1011 1814 A

333 1836 436 1903 Qualis
454 1833 595 1889 floridulo
612 1834 714 1890 nitens
733 1835 765 1888 in
783 1835 872 1890 horto

333 1925 472 1981 Nondum
491 1923 636 1995 puniceas
656 1941 755 1978 comas
774 1925 909 1994 reclusit,

336 2017 377 2070 Et
395 2013 457 2068 iam
474 2012 621 2084 puniceas
642 2030 741 2067 comas
760 2014 901 2083 recludit,

333 2107 378 2160 Ac
397 2120 500 2158 rarum
518 2102 611 2156 decue
623 2101 775 2171 explicare
794 2103 913 2174 quaerit

333 2195 418 2261 Quae
437 2193 518 2247 laeto
538 2208 607 2246 rosa
624 2192 742 2246 ramulo
760 2191 903 2263 refulget,

215 2255 217 2259 .
274 2334 277 2340 ,
335 2282 417 2338 'Palis
434 2280 595 2352 purpureis
613 2281 698 2352 genis
721 2287 752 2335 et
770 2298 821 2336 ore

333 2373 378 2428 Ut
397 2385 473 2442 quae
491 2387 552 2424 non
571 2376 710 2425 tenerum
730 2369 815 2439 cupit
833 2370 984 2438 maritum,

331 2460 389 2516 Sed
405 2459 545 2532 jamjam
563 2467 705 2515 tenerum
722 2461 806 2531 cupit
824 2460 977 2527 maritum,

332 2548 389 2605 Oui
406 2548 503 2620 prima
521 2548 626 2603 oscula
644 2548 770 2616 dedicet,
788 2566 937 2622 suumque

332 2638 452 2693 Florem
469 2637 599 2710 virginei
618 2638 699 2693 dicet
717 2639 849 2710 pudoria

332 2727 492 2799 Suspirans
510 2726 603 2784 viduo
619 2728 722 2797 puella
739 2727 829 2794 lecto,

332 2815 483 2889 Fulgebas
503 2817 584 2883 mihi,
604 2818 810 2889 primulosque
830 2837 947 2874 amores

333 2907 472 2980 Spirabae
492 2906 590 2962 oculis
610 2906 740 2978 sinuque
759 2908 870 2962 blando

333 2996 465 3054 Afflabas
481 2998 616 3054 Arabum
635 3015 707 3052 suos
727 2998 841 3063 odorae,

332 3087 492 3142 Fundebas
513 3085 669 3141 Charitum
688 3103 759 3141 suos
776 3086 916 3156 honorae,

333 3179 374 3233 Et
392 3179 510 3232 laetum
530 3175 658 3232 Gnidiae
677 3176 751 3231 deae
770 3176 908 3231 nitorem.

331 3267 438 3334 Qualis
457 3267 607 3338 fulgidulo
626 3267 746 3322 renidet
764 3285 815 3322 ore
846 3331 848 3336 ยน

331 3358 415 3424 Quae
436 3375 511 3412 cano
531 3357 653 3412 vehitur
671 3357 781 3412 decora
800 3375 895 3429 cycno

330 3447 405 3502 Cum
426 3446 553 3516 compsit
571 3452 662 3516 caput
681 3452 713 3500 et
726 3463 810 3500 coma
827 3462 938 3517 repexa

330 3536 472 3591 Procedit
490 3537 632 3605 thalamo,
652 3553 805 3608 novosque
820 3524 957 3607 amores,ยน

329 3627 369 3682 Et
387 3644 481 3685 novas
500 3634 586 3699 parat
606 3627 737 3683 excitare
759 3627 902 3698 flammae,
