2550 4176
286 411 368 469 Huic
387 429 451 484 ego,
471 416 507 465 ut
526 408 620 467 semel
639 412 719 467 hane
739 406 843 463 videre
863 405 947 463 11666

288 504 326 558 Se
344 517 376 557 se
395 501 554 556 ostendere
573 500 681 556 fixiore
701 499 806 566 ocello,

291 590 427 659 Quande,
446 588 575 659 inquam,
594 607 663 644 mea
679 589 741 655 lux,
763 587 824 642 mei
841 583 954 642 laboris

289 683 353 737 Das
370 681 412 735 mi
430 678 631 751 premiolum?
650 680 771 751 meique
791 676 889 732 cordis

289 770 349 824 'Pet
367 768 509 825 incendia
527 769 657 841 mitigaS,
675 767 807 841 Lyconi?

289 858 423 914 Η161116
442 858 573 926 erubuit,
592 857 743 930 simulque
763 856 842 912 risit.

290 947 422 1004 Ridebat
440 947 540 1016 simul,
560 954 592 1003 et
611 948 703 1004 simul
721 948 863 1019 pudebat.

289 1040 429 1109 Dumque
448 1035 623 1092 mollieuioe
643 1036 745 1092 661666
763 1054 881 1093 amores

291 1127 372 1183 Colit
391 1124 562 1198 virgineum
581 1125 673 1181 simul
690 1127 844 1197 pudorem,

291 1215 372 1282 Quid
390 1232 498 1286 negem
517 1214 592 1270 tibi?
610 1214 695 1276 dixit,
715 1221 748 1269 et
767 1214 919 1285 capillum,

292 1303 353 1371 Qui
370 1304 505 1375 pendens
522 1303 642 1359 levibus
662 1304 801 1359 vibratur
819 1303 909 1370 66116,

295 1395 337 1449 Et
354 1393 487 1448 formosa
506 1410 600 1463 vagus
619 1410 673 1463 per
692 1411 745 1447 ora
763 1392 851 1458 ludit,

289 1484 382 1538 Hune
401 1499 508 1538 666666
528 1482 691 1553 trepidans,
712 1481 932 1555 implicansque
945 1483 977 1538 iu
991 1501 1072 1551 auro,

291 1574 378 1628 Haee
397 1573 448 1626 fila
466 1590 568 1639 aurea,
588 1578 620 1626 et
638 1589 764 1627 aureum
784 1572 928 1642 capillum

292 1662 415 1732 PignuS,
434 1660 542 1732 inquit,
561 1661 638 1716 habe
656 1661 777 1730 meique
797 1661 905 1717 amoris

292 1751 412 1823 Meique
431 1749 540 1820 ipsius:
560 1750 616 1805 1166
637 1756 725 1804 tuum
743 1750 863 1820 puellae

293 1842 376 1896 Tuae
394 1840 520 1911 pignore
540 1839 637 1894 lenias
657 1840 797 1894 calorem.

294 1931 381 1986 Eheu
400 1929 473 2002 quid
491 1929 586 1984 facis?
605 1929 656 1984 ehi
673 1929 755 1997 mihi,
775 1929 893 2002 Lycori,

291 2023 376 2075 Haeo
395 2025 467 2074 eunt
484 2018 623 2074 flammea
640 2024 736 2088 texta,
755 2038 817 2074 non
837 2021 954 2092 capilli:

292 2111 369 2165 Sunt
387 2110 460 2163 11666
480 2107 570 2179 ignea
587 2107 706 2162 vinela:
726 2108 758 2162 ni
777 2110 903 2177 16161166,

293 2198 354 2265 Qui
373 2204 460 2252 tanto
480 2197 599 2251 valeam
618 2196 721 2252 valere
741 2198 777 2252 ab
798 2198 904 2253 aestu?

293 2290 380 2344 Anne
400 2287 500 2359 ignem
516 2286 605 2357 juvat
624 2286 745 2357 ignibus
763 2288 882 2358 perire?

293 2379 403 2432 Comae
422 2376 619 2443 flammeolae,
639 2377 739 2432 subite
758 2375 908 2434 flammas:

294 2467 399 2523 Orines
418 2466 541 2538 igneoli,
560 2466 662 2521 venite
681 2466 713 2520 in
732 2466 831 2536 ignes:

294 2559 347 2613 Sat
366 2576 423 2625 me,
441 2557 581 2611 flammea
598 2556 708 2625 vinela,
728 2556 892 2613 nexuistis:

295 2649 382 2702 Nune
402 2665 456 2702 166
474 2646 628 2702 6611116161
649 2652 680 2702 61
699 2646 798 2701 subite
818 2645 970 2704 flammas:

295 2737 424 2794 Ussistis
442 2735 540 2804 611616,
560 2736 642 2806 ignei
662 2734 772 2808 capilli,

295 2829 384 2882 Nune
403 2844 457 2882 166
476 2826 600 2880 urimini
621 2834 651 2881 et
669 2826 769 2881 valete
791 2825 819 2882 in
841 2825 934 2897 ignee.

295 2920 359 2972 Hos
378 2934 461 2971 meos
481 2934 534 2987 age
554 2918 654 2972 166166
672 2916 751 2988 ignis
770 2916 855 2988 ignes

294 3008 390 3078 Perge
409 3005 613 3076 exstinguere,
633 3011 729 3075 tuque
748 3005 877 3073 flamma,
896 3005 1047 3061 flammam

296 3096 420 3162 Exedas,
440 3112 506 3148 mea
526 3094 616 3149 eorda
635 3111 711 3166 quae
731 3095 885 3150 exedebat.

296 3190 400 3253 Atta,
419 3185 463 3239 sie
482 3183 593 3254 reliqui
611 3184 659 3238 tui
678 3184 780 3254 capilli

296 3279 434 3333 Vernent
451 3280 633 3346 perpetuum
652 3273 716 3342 tibi,
735 3274 860 3344 Lyconi:

297 3365 385 3432 Quod
404 3371 474 3419 tuos
493 3364 576 3419 16166
595 3363 723 3419 usserim
743 3363 875 3434 66611166,

296 3456 405 3511 Parce:
425 3471 496 3509 nam
515 3453 585 3509 1616
605 3470 713 3521 amare,
733 3470 794 3508 non
812 3471 848 3525 pe
869 3454 940 3515 ruri.
