2550 4176
1021 309 1057 364 31

101 419 179 476 Cum
198 417 302 488 rapido
323 421 420 472 certat
435 414 583 485 juvenum
603 431 710 469 manus
730 414 851 469 aemula
870 431 968 484 cursu,

138 507 225 564 Vitta
245 504 440 561 retroflexam
460 502 510 559 cui
528 508 646 574 premat
665 503 733 557 alba
752 520 877 574 comam,

101 597 251 668 Tempore
270 612 330 667 quo
349 593 508 665 Zephyrus
526 591 694 649 viridantes
714 598 822 648 evocat
840 592 949 648 herbas

136 685 179 741 Et
198 684 284 741 vario
303 682 417 754 pictam
435 681 508 737 flore
530 687 657 737 coronat
674 681 808 748 humum,

101 775 261 845 Purpureo
280 790 349 828 cum
368 782 441 827 vere
460 787 558 825 novus
577 769 655 824 redit
674 787 779 836 annus,
800 776 832 826 et
851 770 915 825 ales

137 861 275 918 Plurima
293 860 444 916 frondosis
461 858 557 929 garrit
575 858 607 913 in
626 859 793 914 arboribus,

101 951 162 1005 Hic
181 950 254 1005 dum
272 947 405 1004 sollicito
424 954 594 1019 spectarem
612 947 727 1002 lumine
747 966 862 1019 cursus,

139 1042 221 1096 Ante
242 1056 310 1094 mea
327 1037 500 1093 arcitenens
521 1034 659 1090 constitit
681 1055 733 1090 ora
753 1037 838 1101 Puer,

102 1126 205 1181 Aurea
225 1123 276 1179 cui
294 1123 383 1180 laeva
400 1122 551 1193 pendebat
569 1127 655 1191 parte
673 1120 822 1192 pharetra,

138 1215 255 1281 Nudus
275 1219 307 1268 et
325 1211 470 1282 adspectu
488 1209 617 1265 blandus
630 1215 663 1265 et
680 1227 749 1264 acer
767 1216 841 1267 erat.

102 1305 203 1377 Isque,
222 1302 277 1358 ubi
296 1300 419 1372 collegit
438 1300 564 1366 celeres,
585 1298 694 1370 quibus
712 1300 819 1367 utitur,
839 1301 910 1368 alas,

139 1390 313 1463 Depromsit
332 1389 422 1446 nivea
441 1388 599 1460 splendida
617 1389 681 1444 tela
700 1406 804 1459 manu;

101 1484 206 1554 Atque
225 1480 283 1536 ait:
304 1497 321 1534 ο
337 1477 460 1550 juvenis
481 1477 642 1534 volucrum
660 1476 786 1533 mirator
805 1482 960 1552 equorum,

139 1571 228 1638 Quod
248 1568 360 1624 mirere
379 1567 473 1637 magis
496 1585 578 1623 nunc
597 1584 665 1623 mea
684 1568 792 1624 dextra
809 1569 901 1627 dabit.

104 1660 240 1726 Dixerat,
261 1664 292 1715 et
310 1657 425 1729 pariter
442 1658 536 1712 sumit
556 1675 624 1712 cum
643 1676 719 1714 voce
738 1658 851 1730 sagitta

140 1750 237 1818 Inque
257 1764 324 1802 meo
345 1746 480 1803 subitum
499 1753 623 1817 pectore
642 1746 754 1802 vulnus
775 1756 849 1804 arat.
902 1740 904 1743 ¹

104 1835 184 1892 'rum
203 1837 284 1891 calor
299 1835 442 1907 jnsnetus
463 1852 557 1891 venas
575 1834 753 1905 penetravit,
765 1837 802 1891 ad
817 1837 902 1904 imas,

140 1925 183 1978 Et
201 1922 303 1994 magni
320 1923 422 1994 patuit
439 1921 485 1978 vis
504 1921 665 1976 manifesta
683 1921 750 1978 Dei.

102 2013 186 2067 Dum
203 2019 319 2082 stupeo,
340 2029 492 2083 conorque
511 2028 606 2066 novas
624 2012 804 2086 extinguere
822 2013 956 2072 flammas

141 2101 305 2156 Subridens
325 2099 432 2171 pennis
452 2101 556 2156 evolat
574 2100 626 2154 ille
645 2101 717 2157 suis

103 2191 187 2246 Acer
205 2197 240 2246 ut
258 2189 400 2245 insolitae
421 2189 534 2245 calabri
552 2189 710 2246 domitoris
728 2192 863 2249 habenae

140 2278 262 2349 Pugnat
281 2295 376 2348 equus
397 2278 517 2347 campis,
540 2278 591 2350 qui
612 2280 699 2335 modo
719 2283 797 2338 liber
817 2291 893 2351 erat,

104 2371 180 2425 Post
199 2377 302 2425 tamen
320 2368 467 2424 audacem
485 2368 575 2423 discit
594 2369 726 2426 tolerare
747 2374 926 2443 magistrum

141 2463 182 2516 Et
199 2460 316 2515 fractus
335 2458 426 2514 docta
445 2458 579 2513 concidit
598 2466 662 2514 arte
682 2459 776 2528 furor,

103 2548 195 2605 Hand
214 2547 305 2603 aliter
323 2546 433 2602 mentis
452 2546 625 2601 constantia
644 2547 726 2604 victa
745 2568 879 2618 severae,

142 2641 184 2694 Et
202 2655 270 2692 maa
290 2635 436 2706 corripuit
454 2635 604 2706 plurimus
623 2653 691 2692 ossa
709 2638 799 2705 Deus,

107 2718 252 2799 Collaque
272 2724 412 2781 submisit
431 2724 545 2780 domito
565 2725 716 2782 luctantia
735 2727 827 2803 fastu,

142 2819 183 2872 nt
201 2815 361 2872 Dominam
380 2814 479 2870 victor
498 2814 721 2888 servitiumque
741 2818 833 2874 dedit.

108 2908 186 2962 Tum
206 2903 332 2970 monuit,
352 2911 477 2959 tenerae
496 2905 599 2961 valeat
618 2905 691 2977 quid
709 2907 805 2977 gloria
824 2908 947 2975 formae,

143 2994 224 3062 Quid
243 2993 350 3048 faciles
369 2992 459 3059 oculi,
480 2992 694 3065 virgineusque
714 2995 816 3066 pudor.

108 3085 171 3142 Nec
189 3083 264 3138 mihi
283 3083 419 3149 consilio,
439 3099 496 3136 nec
515 3082 639 3153 prodest
659 3083 775 3140 viribus
794 3085 849 3153 uti,

144 3177 185 3230 Et
204 3176 280 3230 bene
297 3175 423 3230 libertas
442 3184 513 3228 ante
534 3179 657 3228 retenta
674 3173 764 3244 perit.

109 3265 197 3320 Felix
216 3264 270 3335 qui
287 3281 389 3319 sacros
409 3270 496 3318 tutus
516 3263 699 3335 contempsit
717 3281 842 3337 amores,

144 3354 207 3409 Nec
227 3354 366 3408 dominae
385 3353 526 3409 insanum
545 3354 674 3425 pertulit
694 3353 869 3424 imperium!

110 3444 165 3498 Sed
184 3443 258 3498 felix
279 3443 406 3497 nimium
425 3461 530 3498 rursus
548 3443 737 3512 nimiumque
756 3444 873 3508 beatus,

146 3533 178 3589 Si
197 3533 247 3589 cui
265 3551 296 3588 se
316 3531 437 3587 facilem
456 3532 596 3603 praebuit
616 3532 681 3602 ipsa
700 3532 818 3587 Venus!

1079 3730 1212 3920 Γ
