<?xml version="1.0" encoding="UTF-8"?>
<!DOCTYPE html PUBLIC "-//W3C//DTD XHTML 1.0 Transitional//EN"
    "http://www.w3.org/TR/xhtml1/DTD/xhtml1-transitional.dtd">
<html xmlns="http://www.w3.org/1999/xhtml" xml:lang="en" lang="en">
 <head>
  <title>
</title>
<meta http-equiv="Content-Type" content="text/html;charset=utf-8" />
  <meta name='ocr-system' content='tesseract 3.04.00' />
  <meta name='ocr-capabilities' content='ocr_page ocr_carea ocr_par ocr_line ocrx_word'/>
</head>
<body>
  <div class='ocr_page' id='page_1' title='image "./antologiadellal00costgoog_0103.png"; bbox 0 0 2550 4176; ppageno 0'>
   <div class='ocr_carea' id='block_1_1' title="bbox 214 282 250 338">
    <p class='ocr_par' dir='ltr' id='par_1_1' title="bbox 214 282 250 338">
     <span class='ocr_line' id='line_1_1' title="bbox 214 282 250 338; baseline 0.056 -2"><span class='ocrx_word' id='word_1_1' title='bbox 214 282 250 338; x_wconf 80' lang='lat'>52</span> 
     </span>
    </p>
   </div>
   <div class='ocr_carea' id='block_1_2' title="bbox 341 385 1040 728">
    <p class='ocr_par' dir='ltr' id='par_1_2' title="bbox 341 385 1040 728">
     <span class='ocr_line' id='line_1_2' title="bbox 341 385 902 459; baseline -0.002 -16"><span class='ocrx_word' id='word_1_2' title='bbox 341 388 456 459; x_wconf 86' lang='lat' dir='ltr'>Sponte</span> <span class='ocrx_word' id='word_1_3' title='bbox 475 387 611 442; x_wconf 83' lang='lat' dir='ltr'>sublatos</span> <span class='ocrx_word' id='word_1_4' title='bbox 631 386 802 442; x_wconf 86' lang='lat' dir='ltr'>verecunda</span> <span class='ocrx_word' id='word_1_5' title='bbox 818 385 902 442; x_wconf 81' lang='lat' dir='ltr'>faces</span> 
     </span>
     <span class='ocr_line' id='line_1_3' title="bbox 372 475 893 547; baseline -0.004 -15"><span class='ocrx_word' id='word_1_6' title='bbox 372 475 521 547; x_wconf 78' lang='lat' dir='ltr'>Deprirnit</span> <span class='ocrx_word' id='word_1_7' title='bbox 539 475 652 545; x_wconf 86' lang='lat' dir='ltr'>virtus;</span> <span class='ocrx_word' id='word_1_8' title='bbox 671 475 791 547; x_wconf 86' lang='lat' dir='ltr'>apicata</span> <span class='ocrx_word' id='word_1_9' title='bbox 810 475 893 531; x_wconf 88' lang='lat' dir='ltr'>tristi</span> 
     </span>
     <span class='ocr_line' id='line_1_4' title="bbox 372 565 969 636; baseline 0.002 -15"><span class='ocrx_word' id='word_1_10' title='bbox 372 567 458 622; x_wconf 82' lang='lat' dir='ltr'>Nube</span> <span class='ocrx_word' id='word_1_11' title='bbox 478 565 619 636; x_wconf 86' lang='lat' dir='ltr'>majestas</span> <span class='ocrx_word' id='word_1_12' title='bbox 638 572 722 621; x_wconf 87' lang='lat' dir='ltr'>caret</span> <span class='ocrx_word' id='word_1_13' title='bbox 741 572 772 621; x_wconf 88' lang='lat' dir='ltr'>et</span> <span class='ocrx_word' id='word_1_14' title='bbox 790 566 900 621; x_wconf 84' lang='lat' dir='ltr'>decoro</span> <span class='ocrx_word' id='word_1_15' title='bbox 920 571 969 622; x_wconf 88' lang='lat' dir='ltr'>est</span> 
     </span>
     <span class='ocr_line' id='line_1_5' title="bbox 762 654 1040 728; baseline -0.004 -18"><span class='ocrx_word' id='word_1_16' title='bbox 762 654 924 726; x_wconf 79' lang='lat' dir='ltr'><strong>Splendida</strong></span> <span class='ocrx_word' id='word_1_17' title='bbox 944 655 1040 728; x_wconf 82' lang='lat' dir='ltr'>cultu,</span> 
     </span>
    </p>
   </div>
   <div class='ocr_carea' id='block_1_3' title="bbox 337 757 1022 1081">
    <p class='ocr_par' dir='ltr' id='par_1_3' title="bbox 337 757 1018 1008">
     <span class='ocr_line' id='line_1_6' title="bbox 337 757 934 829; baseline -0.002 -16"><span class='ocrx_word' id='word_1_18' title='bbox 337 761 416 829; x_wconf 83' lang='lat' dir='ltr'>Ergo</span> <span class='ocrx_word' id='word_1_19' title='bbox 435 758 599 813; x_wconf 80' lang='lat' dir='ltr'><strong>formosam</strong></span> <span class='ocrx_word' id='word_1_20' title='bbox 618 757 698 812; x_wconf 86' lang='lat' dir='ltr'>redit</span> <span class='ocrx_word' id='word_1_21' title='bbox 717 757 748 812; x_wconf 90' lang='lat' dir='ltr'>in</span> <span class='ocrx_word' id='word_1_22' title='bbox 765 757 934 829; x_wconf 85' lang='lat' dir='ltr'>juventam,</span> 
     </span>
     <span class='ocr_line' id='line_1_7' title="bbox 372 846 1018 919; baseline 0.005 -18"><span class='ocrx_word' id='word_1_23' title='bbox 372 849 469 919; x_wconf 88' lang='lat' dir='ltr'>Seque</span> <span class='ocrx_word' id='word_1_24' title='bbox 487 847 550 918; x_wconf 89' lang='lat' dir='ltr'>jam</span> <span class='ocrx_word' id='word_1_25' title='bbox 568 846 667 902; x_wconf 85' lang='lat' dir='ltr'>laetos</span> <span class='ocrx_word' id='word_1_26' title='bbox 685 854 773 917; x_wconf 85' lang='lat' dir='ltr'>parat</span> <span class='ocrx_word' id='word_1_27' title='bbox 792 847 828 902; x_wconf 82' lang='lat' dir='ltr'>ad</span> <span class='ocrx_word' id='word_1_28' title='bbox 848 847 1018 918; x_wconf 87' lang='lat' dir='ltr'>triumphos</span> 
     </span>
     <span class='ocr_line' id='line_1_8' title="bbox 373 935 945 1008; baseline 0 -17"><span class='ocrx_word' id='word_1_29' title='bbox 373 938 477 1001; x_wconf 87' lang='lat' dir='ltr'>Roma,</span> <span class='ocrx_word' id='word_1_30' title='bbox 497 943 639 1006; x_wconf 84' lang='lat' dir='ltr'>septenos</span> <span class='ocrx_word' id='word_1_31' title='bbox 658 935 829 1008; x_wconf 81' lang='lat' dir='ltr'>hilaratque</span> <span class='ocrx_word' id='word_1_32' title='bbox 850 937 945 992; x_wconf 87' lang='lat' dir='ltr'>colles</span> 
     </span>
    </p>

    <p class='ocr_par' dir='ltr' id='par_1_4' title="bbox 760 1024 1022 1081">
     <span class='ocr_line' id='line_1_9' title="bbox 760 1024 1022 1081; baseline 0.008 -3"><span class='ocrx_word' id='word_1_33' title='bbox 760 1024 904 1081; x_wconf 88' lang='lat' dir='ltr'>Praeside</span> <span class='ocrx_word' id='word_1_34' title='bbox 926 1031 1022 1081; x_wconf 87' lang='lat' dir='ltr'>tanto.</span> 
     </span>
    </p>
   </div>
   <div class='ocr_carea' id='block_1_4' title="bbox 338 1128 1028 1453">
    <p class='ocr_par' dir='ltr' id='par_1_5' title="bbox 338 1128 1028 1453">
     <span class='ocr_line' id='line_1_10' title="bbox 338 1128 1028 1202; baseline 0 -16"><span class='ocrx_word' id='word_1_35' title='bbox 338 1131 476 1202; x_wconf 90' lang='lat' dir='ltr'>Urbsque</span> <span class='ocrx_word' id='word_1_36' title='bbox 497 1146 573 1201; x_wconf 88' lang='lat' dir='ltr'>quae</span> <span class='ocrx_word' id='word_1_37' title='bbox 593 1128 708 1201; x_wconf 67' lang='lat' dir='ltr'>Phrpuri</span> <span class='ocrx_word' id='word_1_38' title='bbox 727 1130 905 1200; x_wconf 71' lang='lat' dir='ltr'>speculatur</span> <span class='ocrx_word' id='word_1_39' title='bbox 923 1130 1028 1198; x_wconf 82' lang='lat' dir='ltr'>undae,</span> 
     </span>
     <span class='ocr_line' id='line_1_11' title="bbox 372 1222 897 1290; baseline 0 -16"><span class='ocrx_word' id='word_1_40' title='bbox 372 1222 474 1274; x_wconf 86' lang='lat' dir='ltr'>Exuet</span> <span class='ocrx_word' id='word_1_41' title='bbox 492 1237 599 1275; x_wconf 86' lang='lat' dir='ltr'>saevas</span> <span class='ocrx_word' id='word_1_42' title='bbox 619 1237 744 1290; x_wconf 89' lang='lat' dir='ltr'>propere</span> <span class='ocrx_word' id='word_1_43' title='bbox 766 1225 897 1286; x_wconf 78' lang='lat' dir='ltr'>catenae,</span> 
     </span>
     <span class='ocr_line' id='line_1_12' title="bbox 371 1307 909 1379; baseline 0 -14"><span class='ocrx_word' id='word_1_44' title='bbox 371 1312 416 1365; x_wconf 87' lang='lat' dir='ltr'>Ac</span> <span class='ocrx_word' id='word_1_45' title='bbox 436 1326 506 1363; x_wconf 77' lang='lat' dir='ltr'>suas</span> <span class='ocrx_word' id='word_1_46' title='bbox 525 1307 610 1362; x_wconf 82' lang='lat' dir='ltr'>nobis</span> <span class='ocrx_word' id='word_1_47' title='bbox 631 1308 776 1378; x_wconf 88' lang='lat' dir='ltr'>opulenta</span> <span class='ocrx_word' id='word_1_48' title='bbox 793 1309 909 1379; x_wconf 85' lang='lat' dir='ltr'>palmae</span> 
     </span>
     <span class='ocr_line' id='line_1_13' title="bbox 762 1397 1002 1453; baseline 0.008 -2"><span class='ocrx_word' id='word_1_49' title='bbox 762 1397 868 1453; x_wconf 86' lang='lat' dir='ltr'>Mittet</span> <span class='ocrx_word' id='word_1_50' title='bbox 886 1398 1002 1453; x_wconf 83' lang='lat' dir='ltr'>Idume.</span> 
     </span>
    </p>
   </div>
   <div class='ocr_carea' id='block_1_5' title="bbox 338 1501 998 1748">
    <p class='ocr_par' dir='ltr' id='par_1_6' title="bbox 338 1501 998 1748">
     <span class='ocr_line' id='line_1_14' title="bbox 338 1501 975 1574; baseline 0.003 -18"><span class='ocrx_word' id='word_1_51' title='bbox 338 1502 457 1573; x_wconf 85' lang='lat' dir='ltr'>Quippe</span> <span class='ocrx_word' id='word_1_52' title='bbox 477 1502 642 1556; x_wconf 86' lang='lat' dir='ltr'>concordes</span> <span class='ocrx_word' id='word_1_53' title='bbox 662 1501 786 1568; x_wconf 75' lang='lat' dir='ltr'>animer,</span> <span class='ocrx_word' id='word_1_54' title='bbox 807 1519 975 1574; x_wconf 86' lang='lat' dir='ltr'>manusque</span> 
     </span>
     <span class='ocr_line' id='line_1_15' title="bbox 373 1590 998 1663; baseline -0.002 -17"><span class='ocrx_word' id='word_1_55' title='bbox 373 1594 536 1646; x_wconf 89' lang='lat' dir='ltr'>Devovent</span> <span class='ocrx_word' id='word_1_56' title='bbox 554 1608 640 1662; x_wconf 86' lang='lat' dir='ltr'>reges</span> <span class='ocrx_word' id='word_1_57' title='bbox 658 1590 725 1658; x_wconf 80' lang='lat' dir='ltr'>tibi,</span> <span class='ocrx_word' id='word_1_58' title='bbox 746 1609 840 1663; x_wconf 89' lang='lat' dir='ltr'>seque</span> <span class='ocrx_word' id='word_1_59' title='bbox 859 1591 896 1646; x_wconf 88' lang='lat' dir='ltr'>ad</span> <span class='ocrx_word' id='word_1_60' title='bbox 915 1609 998 1646; x_wconf 88' lang='lat' dir='ltr'>arma</span> 
     </span>
     <span class='ocr_line' id='line_1_16' title="bbox 374 1677 891 1748; baseline -0.004 -13"><span class='ocrx_word' id='word_1_61' title='bbox 374 1678 525 1748; x_wconf 82' lang='lat' dir='ltr'>Concitat,</span> <span class='ocrx_word' id='word_1_62' title='bbox 546 1677 628 1734; x_wconf 88' lang='lat' dir='ltr'>turci</span> <span class='ocrx_word' id='word_1_63' title='bbox 647 1677 756 1734; x_wconf 86' lang='lat' dir='ltr'>sitiens</span> <span class='ocrx_word' id='word_1_64' title='bbox 775 1679 891 1734; x_wconf 88' lang='lat' dir='ltr'>cruoris</span> 
     </span>
    </p>
   </div>
   <div class='ocr_carea' id='block_1_6' title="bbox 764 1769 1070 1838">
    <p class='ocr_par' dir='ltr' id='par_1_7' title="bbox 764 1769 1070 1838">
     <span class='ocr_line' id='line_1_17' title="bbox 764 1769 1070 1838; baseline 0.003 -15"><span class='ocrx_word' id='word_1_65' title='bbox 764 1769 880 1838; x_wconf 86' lang='lat' dir='ltr'>Vesper</span> <span class='ocrx_word' id='word_1_66' title='bbox 899 1779 931 1824; x_wconf 90' lang='lat' dir='ltr'>et</span> <span class='ocrx_word' id='word_1_67' title='bbox 948 1772 1070 1825; x_wconf 85' lang='lat' dir='ltr'>Arctos.</span> 
     </span>
    </p>
   </div>
   <div class='ocr_carea' id='block_1_7' title="bbox 338 1869 1049 2216">
    <p class='ocr_par' dir='ltr' id='par_1_8' title="bbox 338 1869 1049 2216">
     <span class='ocr_line' id='line_1_18' title="bbox 338 1869 859 1933; baseline -0.004 -6"><span class='ocrx_word' id='word_1_68' title='bbox 338 1870 463 1927; x_wconf 74' lang='lat' dir='ltr'>Scilicet</span> <span class='ocrx_word' id='word_1_69' title='bbox 482 1869 560 1925; x_wconf 85' lang='lat' dir='ltr'>tales</span> <span class='ocrx_word' id='word_1_70' title='bbox 579 1869 744 1933; x_wconf 81' lang='lat' dir='ltr'>meditatus</span> <span class='ocrx_word' id='word_1_71' title='bbox 763 1888 859 1926; x_wconf 89' lang='lat' dir='ltr'>annos</span> 
     </span>
     <span class='ocr_line' id='line_1_19' title="bbox 371 1961 916 2033; baseline -0.002 -15"><span class='ocrx_word' id='word_1_72' title='bbox 371 1961 515 2033; x_wconf 76' lang='lat' dir='ltr'>Iuppiter</span> <span class='ocrx_word' id='word_1_73' title='bbox 534 1961 602 2017; x_wconf 84' lang='lat' dir='ltr'>fuso</span> <span class='ocrx_word' id='word_1_74' title='bbox 624 1979 724 2016; x_wconf 87' lang='lat' dir='ltr'>comes</span> <span class='ocrx_word' id='word_1_75' title='bbox 743 1962 769 2018; x_wconf 88' lang='lat' dir='ltr'>it</span> <span class='ocrx_word' id='word_1_76' title='bbox 788 1964 916 2033; x_wconf 80' lang='lat' dir='ltr'>parenti,</span> 
     </span>
     <span class='ocr_line' id='line_1_20' title="bbox 372 2050 990 2126; baseline 0.003 -19"><span class='ocrx_word' id='word_1_77' title='bbox 372 2053 439 2118; x_wconf 82' lang='lat' dir='ltr'>Quo</span> <span class='ocrx_word' id='word_1_78' title='bbox 459 2050 515 2107; x_wconf 88' lang='lat' dir='ltr'>tibi</span> <span class='ocrx_word' id='word_1_79' title='bbox 534 2050 608 2106; x_wconf 82' lang='lat' dir='ltr'>felix</span> <span class='ocrx_word' id='word_1_80' title='bbox 629 2051 720 2107; x_wconf 86' lang='lat' dir='ltr'>simul</span> <span class='ocrx_word' id='word_1_81' title='bbox 741 2059 834 2126; x_wconf 87' lang='lat' dir='ltr'>atque</span> <span class='ocrx_word' id='word_1_82' title='bbox 853 2053 990 2109; x_wconf 86' lang='lat' dir='ltr'>faustum</span> 
     </span>
     <span class='ocr_line' id='line_1_21' title="bbox 764 2143 1049 2216; baseline 0.011 -20"><span class='ocrx_word' id='word_1_83' title='bbox 764 2143 911 2216; x_wconf 83' lang='lat' dir='ltr'>Proroget</span> <span class='ocrx_word' id='word_1_84' title='bbox 931 2161 1049 2199; x_wconf 87' lang='lat' dir='ltr'>aevum.</span> 
     </span>
    </p>
   </div>
   <div class='ocr_carea' id='block_1_8' title="bbox 207 2344 1199 2532">
    <p class='ocr_par' dir='ltr' id='par_1_9' title="bbox 207 2344 1199 2532">
     <span class='ocr_line' id='line_1_22' title="bbox 257 2344 1199 2400; baseline 0.002 -11"><span class='ocrx_word' id='word_1_85' title='bbox 257 2347 359 2390; x_wconf 86' lang='lat' dir='ltr'>Scritta</span> <span class='ocrx_word' id='word_1_86' title='bbox 372 2346 581 2400; x_wconf 84' lang='lat' dir='ltr'>probabilmante</span> <span class='ocrx_word' id='word_1_87' title='bbox 589 2347 634 2390; x_wconf 88' lang='lat' dir='ltr'>nel</span> <span class='ocrx_word' id='word_1_88' title='bbox 645 2347 705 2397; x_wconf 67' lang='lat'>1484,</span> <span class='ocrx_word' id='word_1_89' title='bbox 718 2344 821 2400; x_wconf 88' lang='lat' dir='ltr'>quando</span> <span class='ocrx_word' id='word_1_90' title='bbox 832 2346 931 2400; x_wconf 83' lang='lat' dir='ltr'>Angelo</span> <span class='ocrx_word' id='word_1_91' title='bbox 941 2346 1076 2391; x_wconf 80' lang='lat' dir='ltr'>Poliaiano</span> <span class='ocrx_word' id='word_1_92' title='bbox 1097 2361 1199 2392; x_wconf 79' lang='lat' dir='ltr'>areom-</span> 
     </span>
     <span class='ocr_line' id='line_1_23' title="bbox 207 2411 1199 2467; baseline 0.004 -11"><span class='ocrx_word' id='word_1_93' title='bbox 207 2413 289 2467; x_wconf 77' lang='lat' dir='ltr'>pagnb</span> <span class='ocrx_word' id='word_1_94' title='bbox 303 2413 421 2457; x_wconf 82' lang='lat' dir='ltr'>Loranzo</span> <span class='ocrx_word' id='word_1_95' title='bbox 436 2426 450 2454; x_wconf 85' lang='lat' dir='ltr'>a</span> <span class='ocrx_word' id='word_1_96' title='bbox 465 2411 541 2456; x_wconf 82' lang='lat' dir='ltr'>Piero</span> <span class='ocrx_word' id='word_1_97' title='bbox 556 2413 594 2456; x_wconf 83' lang='lat' dir='ltr'>de&#39;</span> <span class='ocrx_word' id='word_1_98' title='bbox 614 2413 708 2457; x_wconf 83' lang='lat' dir='ltr'>Medici</span> <span class='ocrx_word' id='word_1_99' title='bbox 723 2427 737 2456; x_wconf 89' lang='lat' dir='ltr'>a</span> <span class='ocrx_word' id='word_1_100' title='bbox 753 2415 835 2457; x_wconf 84' lang='lat' dir='ltr'>Roma</span> <span class='ocrx_word' id='word_1_101' title='bbox 848 2425 864 2456; x_wconf 89' lang='lat' dir='ltr'>a</span> <span class='ocrx_word' id='word_1_102' title='bbox 877 2413 919 2456; x_wconf 81' lang='lat' dir='ltr'>far</span> <span class='ocrx_word' id='word_1_103' title='bbox 937 2415 995 2458; x_wconf 84' lang='lat' dir='ltr'>atto</span> <span class='ocrx_word' id='word_1_104' title='bbox 1009 2413 1199 2460; x_wconf 85' lang='lat' dir='ltr'>d‘obbedienaa</span> 
     </span>
     <span class='ocr_line' id='line_1_24' title="bbox 208 2478 485 2532; baseline -0.007 -9"><span class='ocrx_word' id='word_1_105' title='bbox 208 2481 234 2523; x_wconf 90' lang='lat' dir='ltr'>al</span> <span class='ocrx_word' id='word_1_106' title='bbox 250 2493 334 2523; x_wconf 85' lang='lat' dir='ltr'>nuovo</span> <span class='ocrx_word' id='word_1_107' title='bbox 349 2478 485 2532; x_wconf 80' lang='lat' dir='ltr'>pontefice.</span> 
     </span>
    </p>
   </div>
   <div class='ocr_carea' id='block_1_9' title="bbox 663 2835 748 2887">
    <p class='ocr_par' dir='ltr' id='par_1_10' title="bbox 663 2835 748 2887">
     <span class='ocr_line' id='line_1_25' title="bbox 663 2835 748 2887; baseline -0.035 0"><span class='ocrx_word' id='word_1_108' title='bbox 663 2835 748 2887; x_wconf 91' lang='lat' dir='ltr'>VIII.</span> 
     </span>
    </p>
   </div>
   <div class='ocr_carea' id='block_1_10' title="bbox 494 3009 907 3078">
    <p class='ocr_par' dir='ltr' id='par_1_11' title="bbox 494 3009 907 3078">
     <span class='ocr_line' id='line_1_26' title="bbox 494 3009 907 3078; baseline 0.01 -4"><span class='ocrx_word' id='word_1_109' title='bbox 494 3009 560 3076; x_wconf 88' lang='lat' dir='ltr'>AD</span> <span class='ocrx_word' id='word_1_110' title='bbox 582 3011 907 3078; x_wconf 79' lang='lat' dir='ltr'>IUVENTUTEM</span> 
     </span>
    </p>
   </div>
   <div class='ocr_carea' id='block_1_11' title="bbox 594 3161 798 3218">
    <p class='ocr_par' dir='ltr' id='par_1_12' title="bbox 594 3161 798 3218">
     <span class='ocr_line' id='line_1_27' title="bbox 594 3161 798 3218; baseline 0.01 -12"><span class='ocrx_word' id='word_1_111' title='bbox 594 3161 718 3218; x_wconf 83' lang='lat' dir='ltr'>(Odarum</span> <span class='ocrx_word' id='word_1_112' title='bbox 732 3164 798 3218; x_wconf 85' lang='lat' dir='ltr'>Lib.)</span> 
     </span>
    </p>
   </div>
   <div class='ocr_carea' id='block_1_12' title="bbox 334 3348 997 3513">
    <p class='ocr_par' dir='ltr' id='par_1_13' title="bbox 334 3348 997 3513">
     <span class='ocr_line' id='line_1_28' title="bbox 334 3348 997 3426; baseline 0.009 -22"><span class='ocrx_word' id='word_1_113' title='bbox 334 3350 355 3404; x_wconf 88' lang='lat' dir='ltr'><strong>J</strong></span> <span class='ocrx_word' id='word_1_114' title='bbox 357 3368 404 3402; x_wconf 85' lang='lat' dir='ltr'>am</span> <span class='ocrx_word' id='word_1_115' title='bbox 424 3366 518 3403; x_wconf 88' lang='lat' dir='ltr'>cornu</span> <span class='ocrx_word' id='word_1_116' title='bbox 536 3348 679 3420; x_wconf 86' lang='lat' dir='ltr'>gravidus</span> <span class='ocrx_word' id='word_1_117' title='bbox 697 3350 894 3423; x_wconf 88' lang='lat' dir='ltr'>praecipitem</span> <span class='ocrx_word' id='word_1_118' title='bbox 912 3363 997 3426; x_wconf 88' lang='lat' dir='ltr'>parat</span> 
     </span>
     <span class='ocr_line' id='line_1_29' title="bbox 369 3437 939 3513; baseline 0.012 -22"><span class='ocrx_word' id='word_1_119' title='bbox 369 3437 505 3502; x_wconf 76' lang='lat' dir='ltr'>Afflatus,</span> <span class='ocrx_word' id='word_1_120' title='bbox 525 3437 634 3492; x_wconf 86' lang='lat' dir='ltr'>subitis</span> <span class='ocrx_word' id='word_1_121' title='bbox 653 3437 817 3509; x_wconf 81' lang='lat' dir='ltr'>frigoribus</span> <span class='ocrx_word' id='word_1_122' title='bbox 834 3441 939 3513; x_wconf 85' lang='lat' dir='ltr'>fugam</span> 
     </span>
    </p>
   </div>
   <div class='ocr_carea' id='block_1_13' title="bbox 371 3529 1205 3694">
    <p class='ocr_par' dir='ltr' id='par_1_14' title="bbox 371 3529 1205 3694">
     <span class='ocr_line' id='line_1_30' title="bbox 371 3529 960 3598; baseline 0.01 -15"><span class='ocrx_word' id='word_1_123' title='bbox 371 3530 545 3583; x_wconf 84' lang='lat' dir='ltr'>Autumnus</span> <span class='ocrx_word' id='word_1_124' title='bbox 565 3533 657 3598; x_wconf 85' lang='lat' dir='ltr'>pater,</span> <span class='ocrx_word' id='word_1_125' title='bbox 678 3536 708 3584; x_wconf 89' lang='lat' dir='ltr'>et</span> <span class='ocrx_word' id='word_1_126' title='bbox 727 3529 870 3588; x_wconf 83' lang='lat' dir='ltr'>deciduae</span> <span class='ocrx_word' id='word_1_127' title='bbox 890 3533 960 3588; x_wconf 74' lang='lat' dir='ltr'>sinu</span> 
     </span>
     <span class='ocr_line' id='line_1_31' title="bbox 688 3619 1205 3694; baseline 0.017 -20"><span class='ocrx_word' id='word_1_128' title='bbox 688 3619 824 3676; x_wconf 82' lang='lat' dir='ltr'>Frondes</span> <span class='ocrx_word' id='word_1_129' title='bbox 838 3622 951 3694; x_wconf 88' lang='lat' dir='ltr'>excipit</span> <span class='ocrx_word' id='word_1_130' title='bbox 964 3625 1113 3681; x_wconf 88' lang='lat' dir='ltr'>arborum.</span> <span class='ocrx_word' id='word_1_131' title='bbox 1202 3658 1205 3663; x_wconf 95' lang='lat'>·</span> 
     </span>
    </p>
   </div>
   <div class='ocr_carea' id='block_1_14' title="bbox 0 0 1284 4176">
    <p class='ocr_par' dir='ltr' id='par_1_15' title="bbox 0 0 1284 4176">
     <span class='ocr_line' id='line_1_32' title="bbox 0 0 1284 4176; baseline 0 0"><span class='ocrx_word' id='word_1_132' title='bbox 0 0 1284 4176; x_wconf 95' lang='lat' dir='ltr'> </span> 
     </span>
    </p>
   </div>
  </div>
 </body>
</html>
