2550 4176
152 340 204 407 lte

273 447 407 526 'ibisque
426 444 510 509 mitis
528 463 562 508 et
578 446 717 524 placidus
735 445 830 508 sacris

308 545 433 610 Adesto,
453 544 575 614 qualem
593 549 624 598 te
644 548 820 610 memorant,
837 541 912 615 jugo

306 633 425 690 Bactris
443 631 578 687 subactis
597 632 629 687 in
648 632 745 687 medio
763 634 862 687 Defim

305 725 473 782 Convivam
491 725 570 781 Jove
591 740 661 779 cum
678 729 765 793 patre

270 828 400 896 Sedisse,
419 827 536 882 circum
554 826 620 882 Diis
638 826 854 882 resonantibus

303 921 401 974 Evoe:
419 917 562 989 pharetra
581 916 769 987 composita
787 922 857 971 tuas

303 1008 422 1063 Laudes
440 1007 554 1061 eburna
571 1005 790 1077 grandiloquus
810 1005 877 1078 lyra

304 1106 422 1159 Latona
441 1103 554 1159 cecinit
572 1110 666 1159 satus.

268 1207 400 1275 Ereptus
418 1203 488 1274 igne
507 1209 544 1257 ut
561 1203 709 1258 fulmineo
727 1204 748 1260 J
750 1203 815 1259 ovis

302 1291 354 1347 Bis
373 1297 464 1346 natus
481 1290 582 1346 infans
600 1291 721 1346 duceris
740 1291 778 1346 ad
797 1295 884 1358 Deos,

300 1384 342 1437 At
360 1382 417 1438 tibi
435 1381 554 1453 magnis
571 1381 728 1452 plausibus
750 1381 886 1436 omnium
905 1381 955 1436 ad-

299 1472 380 1528 ·risit
399 1471 580 1527 caelicolum
599 1472 713 1527 cohors.

266 1574 401 1646 Namque
421 1590 471 1628 ore
490 1573 618 1644 pulchro
637 1573 709 1629 talis
728 1586 794 1629 erat
813 1574 904 1640 color,

300 1664 435 1732 Nitente‚
455 1663 554 1734 qualis
574 1663 685 1718 emicat
702 1663 735 1717 in
754 1681 832 1719 rosa.

302 1756 343 1808 Et
360 1752 553 1823 prominebat
572 1750 783 1808 exsilientibus

298 1846 421 1899 Sacrum
441 1842 604 1898 corniculis
623 1848 722 1914 caput.

263 1945 417 2017 Tyrrenos
435 1950 471 1997 ut
490 1950 519 1998 te
540 1943 652 1999 Navita
670 1945 834 2013 deprecans

297 2034 369 2088 Sero
387 2032 499 2087 furoris
518 2031 651 2087 numinis
670 2039 702 2086 et
720 2032 767 2087 tui

297 2124 450 2192 Expertus
470 2120 531 2174 iras
549 2138 743 2192 squammeus
761 2120 793 2175 in
813 2139 894 2176 mare

297 2212 394 2268 Piscis
413 2210 528 2267 desiliit
545 2216 620 2265 rate.

263 2310 309 2365 'Pu
326 2308 522 2380 pertinacem,
541 2308 686 2375 Pentheo,
706 2309 842 2364 concitas

297 2400 426 2453 Matrem
445 2401 607 2452 furentem.
645 2398 712 2464 Quo
732 2398 813 2469 fugis
832 2399 870 2452 ah
889 2399 1001 2454 miser?

297 2489 338 2542 Te
358 2489 458 2542 Mater
476 2505 593 2559 aprum,
614 2493 643 2543 te
664 2490 806 2543 Autonde
825 2495 936 2560 putans

294 2578 389 2633 Saeva
407 2576 535 2631 dilaniat
553 2595 653 2633 mann.

257 2678 358 2734 Sensit
376 2679 535 2750 Lycurgus
554 2678 668 2735 vitibus
687 2680 810 2752 impiam

295 2769 394 2828 Ausus
413 2767 574 2837 bipennem
591 2766 766 2842 immittere,
785 2770 884 2825 sensit
903 2775 935 2825 et

292 2857 406 2912 Cohors
425 2856 590 2927 Gigantum
609 2858 732 2912 trudere
750 2856 814 2928 jam
833 2869 900 2914 rata

292 2945 364 3001 Alto
385 2943 553 3000 Caelicolae
572 2947 651 3015 polo,

256 3044 302 3099 'Pu
321 3044 424 3114 Gange
445 3041 527 3097 victo
547 3042 635 3098 miles
654 3044 690 3098 ab
710 3044 828 3100 ultimis

290 3131 374 3186 Indis
393 3129 563 3201 triumphos
581 3131 680 3186 victor
699 3131 727 3185 io
747 3132 849 3201 rosere,

290 3222 331 3275 Et
349 3219 491 3274 redeunti
509 3220 585 3274 Susa
604 3224 636 3273 et
653 3219 860 3278 Achaemenes

290 3312 367 3366 Aras
385 3310 548 3366 constituit
565 3311 632 3365 tibi.

254 3407 403 3462 Fremant
421 3408 452 3461 in
471 3407 542 3463 altis
561 3409 646 3480 orgia
664 3409 818 3464 montibus

290 3498 389 3551 Evde:
409 3496 528 3551 solutae
548 3515 604 3567 per
619 3496 696 3568 juga
715 3499 853 3571 Thyades

287 3585 393 3642 Crines
411 3585 443 3640 in
462 3602 559 3654 auras,
578 3586 747 3642 raucisonis
766 3587 887 3658 replent

287 3673 394 3733 Altum
414 3671 555 3732 cornibus
573 3675 705 3733 aethera.
