2550 4176
152 280 204 338 146

163 389 237 445 Ales
256 404 349 444 eurve
368 391 465 455 senet,
482 401 560 457 ¹ques
578 381 678 442 nescit
697 381 730 440 in
748 383 874 444 aethera
891 384 993 446 ferre?

199 474 318 532 Inscius
336 475 369 528 in
386 475 547 532 voluerum
566 472 691 529 flectere
711 476 776 530 tela
790 475 888 547 jecur.

163 563 264 635 Serpit
281 560 374 628 humi,
393 577 570 633 semperque
591 559 691 616 virum
711 562 852 618 mortalia
871 566 964 621 eorde

198 652 314 718 Ludit,
335 657 367 705 et
383 649 466 704 haud
483 649 548 704 alas
566 667 675 705 saxeus
694 650 765 706 inde
784 660 897 709 movet.

164 741 196 797 Si
215 757 324 797 caecus
341 739 496 810 vitamque
516 738 604 809 gerit,
625 738 698 808 quid
716 740 820 796 taenia
839 759 932 799 caeco

198 829 295 887 Utilis
314 828 381 883 est?
399 827 468 882 ideo
487 845 561 882 num
580 827 682 885 minus
701 828 752 884 ille
772 830 878 886 videt?

164 916 278 985 Quisve
298 915 503 988 sagittiferum
522 915 625 970 eredat
643 915 696 987 qui
714 916 831 972 lumine
852 926 971 990 eaptus,

198 1006 259 1062 Hie
278 1015 370 1075 certe,
389 1011 422 1059 at
441 1003 523 1058 eeeei
542 1003 660 1075 spicula
678 1022 756 1060 vanu
774 1015 878 1063 movet

164 1099 276 1168 Igneus
295 1102 350 1162 est,
369 1094 463 1166 ajunt,
482 1101 645 1165 versasque
658 1094 689 1149 in
707 1101 831 1165 pectore
851 1097 997 1156 flammas.

200 1187 261 1241 Cur
279 1203 333 1257 ege
353 1183 431 1241 vivit
449 1183 567 1238 adhuc?
586 1184 688 1238 omnia
706 1184 827 1240 flamma
845 1194 942 1243 vorat.

165 1275 247 1342 Quin
266 1274 360 1330 etium
377 1271 503 1328 tumidis
521 1289 577 1326 eur
595 1291 657 1327 non
677 1273 885 1346 exstinguitur
903 1276 994 1332 undis

200 1363 348 1419 Ne‘iadum
367 1360 487 1434 quoties
505 1361 611 1416 mollia
630 1362 720 1416 eorde
739 1363 842 1418 subit?

164 1456 206 1510 At
224 1459 268 1520 tu,
287 1470 326 1506 ne
345 1450 441 1506 tantis
460 1449 578 1521 capiare
599 1451 759 1521 erroribus
779 1452 859 1526 audi,

200 1545 299 1598 Verus
318 1540 385 1612 quis
404 1540 445 1595 sit
464 1543 565 1605 Amor,
586 1540 721 1594 carmina
739 1548 845 1596 nostra
862 1542 978 1598 ferent:

165 1630 328 1689 Jucundus
346 1629 430 1683 labor
449 1633 504 1696 est,
523 1628 638 1683 lascive
656 1645 711 1699 per
730 1628 793 1684 otiu
811 1628 934 1701 signum

199 1721 288 1778 lllius
307 1725 354 1775 est
372 1717 458 1789 nigro
476 1717 588 1788 punica
604 1717 691 1789 glans
711 1718 827 1790 elypeO.
