2550 4176
207 462 211 468 ·
275 432 333 486 Pro
352 448 412 501 quo
431 430 514 484 mille
534 431 640 485 adeam
659 448 756 484 neces.

310 517 397 571 Nunc
417 523 520 571 aestus
538 534 669 570 vacnum
687 516 857 586 glandifera
870 517 962 588 juvat

274 604 400 660 Evitare
419 606 474 660 sub
494 604 574 669 ilice,

309 695 398 749 Nunc
416 693 521 749 andire
540 692 615 748 Noti
633 710 789 747 murmura
806 695 923 764 garruli

273 786 389 840 Densas
407 801 461 854 per
478 799 638 837 nemorum
656 799 758 836 comas

307 873 398 927 Hand
416 872 505 940 longe
524 871 671 926 scatebris
688 871 783 926 fontis
802 871 840 925 ab
857 872 960 943 algidi.

271 963 335 1016 Nec
353 979 400 1016 me
419 961 551 1017 desidiae
572 967 683 1026 tamen,

308 1053 372 1106 Ant
391 1058 426 1105 tu
444 1067 491 1104 me
509 1049 646 1121 argueris
665 1049 762 1120 turpis
781 1049 918 1105 inertiae.
976 1039 985 1047 ’

269 1140 370 1199 ¹'Panto
389 1157 460 1193 nam
477 1138 566 1192 modo
586 1138 728 1203 carmina,

306 1229 354 1285 Ad
372 1227 559 1299 praescripta
577 1228 665 1282 modo
684 1245 732 1281 me
751 1227 936 1298 sapientium

270 1317 449 1383 Emendans‚
469 1317 605 1372 animum
624 1317 699 1372 colo.

304 1397 449 1476 Princeps
468 1411 499 1459 te
518 1405 636 1459 interea
655 1403 774 1458 detinet
791 1403 915 1458 urbium

269 1495 374 1561 Roma,
392 1494 580 1566 principibus
598 1494 672 1550 viris

304 1585 441 1650 Gratum,
461 1584 542 1639 inter
559 1601 701 1655 proceres
719 1583 853 1637 nobilem
871 1583 1048 1641 honoribus.

269 1675 406 1746 Suspiras
424 1681 526 1730 tamen
545 1681 578 1730 et
596 1675 688 1745 doles,

305 1765 473 1820 Fortunam
493 1764 618 1835 cupiens
636 1761 823 1836 persimilem
843 1781 936 1819 meae.

269 1854 387 1909 Mecum
406 1859 442 1909 ut
460 1871 551 1924 saepe
570 1852 694 1924 negotia

304 1946 439 2013 Urbana,
460 1962 495 1999 ac
514 1942 613 1998 varias
631 1942 855 1999 sollicitudines

266 2033 436 2090 Detestaris
457 2040 489 2088 et
508 2033 639 2103 angeria

305 2121 500 2193 Felicemque
520 2138 611 2177 vocas
630 2140 677 2176 me
699 2127 747 2176 ter
766 2121 912 2192 amplius!

266 2214 311 2268 Ut
329 2229 436 2267 verum
454 2211 554 2267 fatear
571 2210 636 2277 tibi,

301 2302 478 2356 Permutare
499 2319 615 2372 negem,
638 2308 672 2356 tu
692 2306 796 2355 tamen
814 2300 889 2356 haec
909 2318 983 2371 cape

265 2392 350 2445 Haec
369 2390 481 2444 solatia
499 2390 630 2457 amiculi,

301 2480 419 2534 Sortem
437 2496 535 2550 aequa
552 2483 589 2532 ut
606 2478 707 2533 levius
727 2485 830 2534 mente
849 2479 931 2535 feras
950 2486 1046 2536 tuam.

265 2568 344 2623 Sunt
363 2567 542 2622 mortalibus
563 2567 665 2622 omnia

305 2657 410 2714 Divisa
427 2658 529 2714 studia
548 2665 580 2714 et
598 2676 725 2714 munera
744 2658 871 2730 disparis

270 2748 370 2815 Vitae,
389 2748 572 2819 utquisque
591 2747 724 2804 humeris
743 2749 834 2814 valet,

302 2839 389 2894 Divis
409 2837 520 2910 cuique
540 2856 630 2893 suum
649 2838 902 2894 distribuentibus

268 2930 375 2999 Aequo
397 2927 513 2999 judicio
532 2925 682 2982 omnibus

299 3017 366 3070 Non
393 3016 530 3076 fossorve
552 3017 693 3072 oviumve
714 3017 827 3071 arbiter
844 3016 985 3072 horridus

265 3105 397 3160 Clavum
416 3109 570 3173 temperet
587 3105 719 3159 urbium.

299 3193 365 3248 Non
387 3211 478 3265 quem
498 3194 616 3265 templa
633 3194 754 3266 juvant,
775 3194 906 3262 curiave,
927 3202 981 3250 aut
999 3195 1106 3263 forum,

260 3283 365 3337 Sulcet
384 3282 480 3338 divite
501 3283 652 3338 mercium

298 3372 433 3426 Mutator
451 3372 576 3442 pelagus
595 3372 791 3443 Carpathium
809 3380 882 3428 rate.

263 3455 320 3511 His
340 3462 374 3510 tu
393 3455 581 3526 temporibus
600 3457 699 3526 datus,

298 3547 386 3600 Esset
405 3551 441 3599 ut
461 3545 577 3616 patriae
606 3545 800 3620 praesidium,
821 3565 856 3601 ac
875 3545 971 3602 bonis.
