2550 4176
62 468 64 470 v
145 393 225 460 Quid
244 393 350 450 docuit
368 393 500 466 Lybicos
518 394 640 450 domino
659 395 731 450 dare
751 394 830 449 colla
848 395 987 450 Leones?

182 483 263 549 Quid
282 483 365 550 facit,
385 488 421 538 ut
438 483 551 549 redeat,
572 502 642 539 cum
661 484 736 539 citat
755 485 834 539 alter
853 485 962 540 avem?

146 572 255 627 Omnia
273 580 392 627 maturo
411 578 533 643 tempus
551 573 693 643 producit
710 572 742 626 in
762 591 846 640 aevo,

180 662 222 715 Et
240 661 322 733 quod
339 679 400 716 non
419 677 525 731 posses
538 662 667 727 credere,
687 667 804 732 tempus
823 662 895 731 agit.

141 748 231 814 Quod
249 767 406 821 nunquam
424 750 521 818 rebar,
542 749 609 804 fieri
628 750 709 821 quod
727 767 815 820 posse
834 750 990 820 negabam,

102 838 107 843 ’
176 837 265 901 Quod
283 855 351 908 spes
370 837 457 893 nulla
474 838 573 904 dabat,
593 838 685 909 longa
703 839 756 894 dat
776 856 845 894 ecoe
867 839 939 894 dies.

139 925 220 980 Ecca
240 926 326 982 sedet
343 927 467 998 gremio,
489 927 596 983 mediis
611 927 695 997 jacet
712 945 784 984 ecce
805 928 938 984 lacertis.

178 1015 219 1068 Et
239 1015 330 1070 cubat
348 1015 380 1070 in
398 1015 499 1086 tepido
518 1022 623 1071 nostra
640 1017 744 1087 puella
763 1017 840 1073 sinu.

140 1102 227 1157 Haec
247 1110 302 1170 est,
322 1121 399 1175 quae
419 1103 533 1158 totiens
552 1110 683 1160 mortem
698 1105 815 1175 juravit
833 1107 955 1171 amanti,

177 1192 263 1258 Quae
282 1192 382 1249 voluit
400 1193 514 1248 totiens
532 1193 565 1248 in
586 1199 678 1264 caput
696 1194 740 1249 ire
759 1212 869 1250 meum.

139 1282 208 1337 Non
225 1282 309 1346 haec,
330 1298 400 1336 curn
419 1280 496 1337 vidit
513 1282 632 1354 laqueis
650 1283 829 1339 subnectere
851 1285 939 1352 colla,

177 1371 253 1428 Oum
273 1386 377 1426 ensem
395 1370 473 1426 vidit
491 1371 649 1442 stringere,
669 1371 767 1426 tristis
786 1378 859 1428 erat.

137 1459 270 1514 Ridebat
288 1458 451 1531 lacrymas,¹
465 1458 598 1529 gemitus
617 1458 735 1515 ridebat
755 1477 881 1527 amaros

175 1549 214 1601 Et
234 1564 302 1601 mea
320 1546 481 1616 spernebat
501 1547 642 1613 carmina,
662 1548 748 1614 dona,
768 1566 882 1618 preces.

136 1637 165 1692 A
178 1636 258 1691 Cane
279 1641 390 1691 vexato
408 1634 469 1690 fuit
487 1634 563 1691 haec
582 1637 787 1692 truculentior
807 1639 896 1709 Apro,

173 1727 258 1781 Haec
279 1732 310 1780 et
329 1725 459 1781 calfacto
478 1725 597 1781 saevior
616 1728 722 1798 Angue
743 1726 811 1782 fuit.

135 1815 225 1869 Nunc
245 1831 292 1868 me
312 1815 452 1886 suspirat,
471 1814 508 1869 de
526 1832 574 1868 me
592 1833 674 1871 nuno
695 1816 816 1886 cogitat,
837 1816 885 1871 illi

171 1904 260 1959 Nunc
279 1902 344 1957 sine
363 1920 411 1958 me
429 1921 491 1957 nox
510 1909 565 1971 est,
586 1922 668 1958 nuno
688 1910 721 1959 et
739 1923 842 1959 amara
860 1905 933 1960 dies.

134 1993 250 2064 Sponte
269 1992 329 2057 dat,
350 1997 380 2046 et
399 1992 495 2062 majus
513 1992 594 2061 quod
613 1993 709 2047 multo
729 1999 785 2062 est,
806 2006 897 2065 cogor
915 1994 953 2048 ad
972 2000 1076 2050 artem.
1175 2047 1179 2051 .

171 2083 283 2152 Sponte
303 2080 512 2138 intermissum
531 2099 621 2153 saepe
640 2083 774 2154 reposcit
794 2102 877 2156 opus.

134 2171 216 2242 Ergo
237 2188 293 2242 ego
313 2188 380 2225 sum
397 2169 492 2225 foelix
510 2172 583 2227 Iove
596 2189 664 2227 sum
682 2171 823 2227 foelioior
841 2173 915 2245 ipso,

168 2258 282 2314 Audiat
301 2263 358 2313 hoc
377 2259 523 2328 quamvis,
542 2258 740 2332 invideatque
760 2259 843 2316 licet.

131 2350 201 2404 Hoc
219 2348 314 2403 etiarn
333 2354 381 2404 est
399 2348 513 2421 aliquid
531 2347 632 2419 potior
650 2352 717 2420 post
736 2349 819 2405 mille
840 2350 964 2418 labores,

169 2438 263 2507 Saepe
281 2435 412 2508 fatigato
431 2436 500 2506 plus
518 2435 620 2507 placet
640 2454 691 2492 ore
712 2436 806 2492 cibus.

133 2522 195 2589 Qui
213 2522 292 2578 mala
310 2529 383 2578 sunt
403 2523 492 2594 passi,
512 2540 590 2595 quae
609 2523 671 2579 sint
689 2526 768 2579 bona
787 2541 911 2581 noscere
931 2533 1073 2597 possunt,

168 2613 272 2668 Ardua
289 2612 342 2685 qui
359 2611 483 2667 fuerant
501 2629 553 2682 per
572 2613 646 2679 loca,
667 2612 757 2683 plana
775 2614 894 2669 volunt.

132 2701 211 2757 'lum
229 2701 328 2772 sapiet
345 2700 460 2767 vinum,
481 2719 550 2756 cum
568 2707 782 2772 praegustatur
801 2708 931 2762 acetum,

168 2790 314 2862 Felleque
334 2788 438 2856 libato,
457 2789 559 2844 dulcia
577 2790 669 2844 mella
685 2789 805 2859 juvant.

133 2877 243 2933 'Pristis
263 2896 345 2932 eram
364 2877 524 2950 quondam,
544 2896 676 2949 curaque
695 2879 854 2948 premebar
873 2897 973 2934 amara

168 2968 256 3021 Nunc
275 2984 331 3038 ego
350 2984 417 3022 sum
435 2968 544 3032 laetus,
564 2984 696 3036 curaque
715 2969 800 3022 nulla
819 2968 938 3040 premit,

133 3055 235 3127 Longa
254 3055 319 3110 dies
338 3055 423 3110 dedit
441 3056 508 3123 hoo,
527 3055 612 3110 dedit
629 3055 686 3111 hoc
700 3055 849 3127 patientia
867 3058 962 3124 nobis

168 3144 344 3200 Cunctando
362 3143 458 3198 foelix
477 3143 579 3200 exitus
597 3144 663 3216 ipse
681 3143 751 3200 suit.

131 3232 253 3288 Difficili
275 3243 305 3288 et
323 3233 398 3288 duro
418 3249 505 3286 nemo
523 3233 663 3304 desperat
683 3233 787 3300 amori,

165 3322 202 3387 Si,
222 3323 303 3395 quod
323 3328 411 3388 amat,
435 3321 502 3392 quis
523 3322 600 3389 vult,
620 3322 718 3378 discat
737 3339 836 3378 amare
857 3324 920 3379 diu.
