2550 4176
221 314 273 370 140

268 415 385 476 Gaudia
402 415 493 488 plena
511 412 602 472 satis!
623 429 790 488 numquam
809 433 917 474 secura
935 417 1094 493 voluptas!

269 513 332 566 Aut
351 509 465 581 aliquid
485 507 607 563 cumulo
626 525 744 578 semper
762 509 856 576 deest,
876 516 931 566 aut
950 519 1076 568 revocat
1095 531 1128 568 se

237 663 245 680 .
267 600 336 655 Sors
356 599 448 652 infida
466 604 599 669 repente,
621 596 786 668 oculosque
806 599 920 654 avertit
938 601 1062 656 amicos.

268 688 406 743 Fallaces
423 687 579 742 hominum
597 689 679 756 spes!
699 686 759 742 heu
776 693 881 742 nostra
899 688 987 745 irrita
1006 694 1095 748 vota!

266 778 318 832 Nil
335 777 455 832 firmum
473 776 555 843 satis,
574 783 628 832 aut
647 775 750 831 stabili
768 777 934 834 munimine
954 785 1067 838 tutum.

267 865 375 921 Omnia
392 865 423 919 in
442 863 582 920 humanis
602 865 691 919 rebus
710 864 820 934 dubia3
840 865 941 920 omnia
959 873 1083 922 nutant.

268 956 330 1010 Vos
351 954 432 1022 mihi,
451 955 533 1010 laeta
551 954 654 1009 forent
673 972 767 1027 quum
787 961 918 1024 caetera,
939 955 1004 1011 fata
1023 958 1171 1027 tulerunt,

267 1043 361 1112 Queis
379 1043 444 1099 sine
465 1044 554 1098 dulce
573 1042 648 1097 mihi
666 1042 743 1098 nihil
758 1049 805 1098 est
818 1061 875 1099 nec
890 1044 1019 1100 amabile
1031 1046 1201 1118 quicquam.

267 1133 406 1204 Accipite
425 1134 479 1188 has
500 1134 608 1188 saltem
626 1132 776 1199 lacrimas,
796 1133 871 1188 haec
892 1133 1027 1189 carmina
1046 1142 1171 1202 moesta,

269 1224 353 1289 Quae
374 1223 500 1292 longum
519 1221 583 1275 nati
603 1220 738 1275 absentis
757 1227 912 1276 testentur
931 1239 1075 1278 amorem.

267 1313 388 1368 Salvete
410 1317 577 1376 aeternum,
598 1310 669 1376 cari,
689 1316 781 1382 atque
801 1311 914 1380 valete,
934 1318 1086 1382 parentes

265 1401 343 1456 Vide
362 1390 507 1464 Gelelme,
531 1400 605 1468 vale,
625 1401 693 1455 vale
707 1399 849 1455 Oscasala
868 1401 981 1454 Leone.

266 1489 311 1544 Sit
329 1507 437 1560 precor
457 1507 473 1543 o
493 1489 580 1544 vobis
600 1488 720 1558 requies
739 1494 865 1542 aeterna
883 1489 1019 1560 sepultis,

267 1578 312 1633 Sit
330 1579 393 1644 lux,
413 1596 489 1649 quae
509 1576 620 1633 vestris
640 1584 799 1632 aeternum
818 1577 963 1648 affulgeat
981 1580 1106 1636 umbris.

667 1873 728 1925 111.

631 2016 767 2084 PAGI

580 2151 742 2205 (Uerminam
757 2149 824 2203 Lib.)

299 2315 363 2369 Pax
381 2314 468 2381 alma,
489 2314 578 2369 dulce
597 2313 710 2383 ubique
730 2330 843 2368 nomen
863 2311 1011 2384 gentibus,

332 2407 418 2460 Inter
436 2409 517 2462 Deos
537 2405 744 2476 pulcherrima

299 2495 533 2562 Pulcherrimos,
554 2513 645 2567 quam
664 2513 711 2550 me
733 2495 779 2550 tui
801 2494 970 2566 expectatio

334 2587 468 2658 Torquet
487 2585 635 2640 morantis
655 2586 693 2640 ah
712 2585 817 2640 nimis!

297 2676 444 2742 Tuumne,
464 2675 549 2743 Diva,
570 2675 658 2731 vivus
678 2675 845 2731 adventum
863 2673 1002 2744 amplius,

333 2765 464 2835 Tempus
482 2763 631 2818 videbone
651 2764 798 2819 aureum?

298 2854 479 2922 Unquamne
499 2852 565 2920 erit,
588 2854 734 2909 mundum
752 2853 799 2910 his
819 2853 953 2909 tenebris
972 2852 1105 2930 obsitum

334 2943 399 2997 Tuo
417 2949 453 2997 ut
472 2960 595 3000 serenes
615 2943 754 2999 lumine?

298 3031 422 3098 Quando
443 3038 639 3102 expetentem
657 3050 715 3098 me,
734 3036 808 3099 Dea,
827 3050 880 3103 spe
899 3031 930 3086 id
949 3031 1037 3086 irrita

333 3122 431 3175 Tanto
449 3120 553 3176 beabis
572 3121 721 3176 munere?

297 3211 420 3276 Vereor,
438 3209 589 3264 laboriosa
609 3227 646 3264 ne
666 3209 755 3280 longe
776 3209 860 3280 prius

336 3299 447 3355 Vincat
467 3306 611 3355 senectus
629 3300 815 3370 languidum,

299 3390 397 3454 Quam
415 3407 520 3445 rursus
541 3392 632 3446 urbes
652 3390 763 3447 divites
784 3391 931 3448 conviviis

334 3478 487 3550 Ludisque
508 3479 692 3546 distinerier,

299 3568 397 3632 Quam
416 3585 486 3623 rura
505 3568 624 3624 videam
644 3569 784 3626 cantibus
802 3567 979 3625 laetissimis

339 3656 430 3714 Omni
449 3674 556 3714 sonare
576 3660 613 3713 ab
632 3659 753 3730 angulo,
