2550 4176
152 275 204 330 138

201 379 357 450 Quicquid
376 398 466 451 opum
483 379 563 446 hinc,
578 379 723 452 quicquid
736 369 825 435 nobis
835 380 967 435 accessit
978 379 1135 445 honorum,

202 473 346 527 Vestrum
366 476 413 525 est
428 469 506 540 jure,
526 469 636 525 fuisset
654 476 701 524 sat
720 469 794 523 mihi
814 486 937 524 cernere
958 487 1058 524 coram

201 562 313 614 Laetos
332 565 424 628 atque
438 557 514 613 meis
533 558 664 627 gaudere
685 559 837 613 laboribus
858 560 970 624 ambos,

200 652 241 704 Et
259 649 416 704 volucrem
434 647 595 719 perhibent
614 647 768 702 inimicam
787 647 924 704 fontibus
943 648 1056 721 hydris,

201 742 276 795 Esse
295 739 376 810 piam
394 755 617 809 memoremque
635 737 813 808 parentibus
832 738 1000 809 indulgere,

201 828 409 901 Invalidisque
431 846 486 882 suo
506 834 621 883 venatu
641 826 766 882 tendere
785 827 888 882 vitam.

205 920 242 972 ln
261 925 326 974 tcta
345 919 422 973 nihil
442 936 505 974 esse
526 919 614 973 domo
635 935 681 972 me
700 917 790 971 dulce
810 916 928 982 fuisset,

202 1010 243 1062 Et
264 1013 357 1062 nutus
377 1025 497 1062 servare
517 1014 548 1061 et
563 1007 647 1078 jussa
667 1023 823 1076 capessere
842 1013 945 1062 vestra

199 1096 384 1163 Subiectum,
404 1114 439 1150 ac
458 1095 565 1166 positis
583 1094 726 1150 famulari
745 1095 878 1150 fascibus
897 1094 988 1149 ultro.

201 1185 251 1239 Nil
270 1203 413 1256 unquam,
433 1184 492 1239 nisi
512 1202 588 1256 quae
609 1184 720 1240 vestris
739 1184 891 1254 placitura
908 1183 1043 1239 fuissent

201 1274 342 1346 Auribus,
362 1272 445 1328 effari
463 1273 646 1344 potuissem;
666 1291 754 1344 saepe
776 1290 829 1342 ego
849 1272 921 1327 ficto

202 1362 314 1417 Tristia
333 1364 479 1418 celassem
497 1361 645 1417 mentitus
664 1362 775 1434 gaudia
793 1362 891 1429 vultu,

201 1452 245 1505 Ne
265 1469 320 1506 vos
339 1450 481 1516 afficeret,
499 1450 599 1522 siquid
618 1468 665 1504 me
685 1455 824 1521 carperet
842 1450 933 1514 intus

204 1539 356 1611 Quicquid
373 1557 509 1594 amarum
527 1539 559 1594 in
577 1557 625 1594 me
645 1540 794 1607 latuisset,
821 1539 965 1610 quicquid
989 1540 1136 1594 acerbum.

204 1630 251 1685 Ad
269 1647 321 1684 vos
340 1635 405 1684 arte
424 1628 474 1700 pia
494 1629 675 1684 transissent
694 1628 795 1683 dulcia
814 1636 944 1694 tantum,

204 1717 316 1772 Taedia
333 1734 380 1771 me
399 1724 518 1772 vestrae
540 1717 694 1788 cepissent
711 1718 798 1772 nulla
816 1725 966 1790 senectae,

145 1828 148 1839 ¹
202 1809 251 1863 Me
270 1825 348 1880 quae
367 1808 464 1861 multa
482 1808 583 1862 solent
602 1807 687 1873 vitia,
707 1814 800 1876 atque
821 1807 1014 1863 incommoda
1033 1806 1065 1861 in
1085 1806 1137 1862 illa

202 1898 277 1952 Esse
296 1901 406 1963 aetate,
425 1913 508 1950 meos
527 1901 666 1966 poterant
687 1901 825 1951 avertere
845 1913 960 1951 sensus.

204 1984 306 2048 Quum
324 1988 448 2053 spueret
465 1966 601 2038 vestrum
620 1982 769 2038 alteruter
786 1983 895 2052 gravis
910 2000 1008 2054 exque
1023 1989 1141 2037 crearet

203 2071 360 2127 Plurimus
379 2078 411 2126 et
430 2090 522 2128 rauca
542 2080 755 2143 conspergeret
774 2072 875 2127 omnia
893 2072 980 2138 tussi,

203 2160 296 2215 Nulla
312 2161 517 2216 horrescentis
535 2162 626 2217 vultu
644 2179 731 2231 asper
750 2161 837 2232 signa
855 2160 1014 2225 dedissem,

202 2249 318 2305 Cuncta
337 2250 447 2315 ferens,
467 2268 521 2305 vos
541 2250 650 2305 aetatis
669 2268 800 2321 namque
819 2256 890 2304 ante
909 2249 1029 2306 tulistis

202 2341 295 2394 Plura
312 2339 467 2394 immunda
485 2357 578 2407 meae,
598 2358 692 2412 quum
712 2341 813 2395 cultus
832 2338 954 2395 nescius
973 2338 1075 2396 infans

204 2430 366 2484 Foedarem
385 2429 478 2485 toties
496 2430 528 2485 in
548 2430 634 2484 cunis
653 2429 775 2485 humida
793 2434 897 2484 strata.

206 2519 314 2591 Siqua
334 2525 437 2574 autem
456 2518 541 2574 vobis
561 2536 645 2573 cassa
663 2527 755 2591 atque
775 2518 930 2573 incondita
949 2520 1052 2584 verba,

204 2608 397 2675 Exciderent,
417 2610 536 2681 quando
556 2627 658 2664 rerum
676 2608 729 2663 illa
749 2614 795 2664 est
813 2608 971 2663 immemor
992 2614 1086 2675 aetas,

202 2697 346 2752 Riderem
365 2715 498 2766 mecum;
518 2696 618 2751 omnia
636 2715 689 2768 pro
708 2696 876 2767 puerilibus
894 2707 999 2752 essent

203 2785 334 2841 Lusibus
353 2785 406 2839 illa
424 2783 506 2856 mihi,
526 2804 583 2841 ceu
602 2804 656 2841 vos
675 2785 787 2841 risistis
806 2785 915 2857 stipsi

204 2875 251 2930 Ad
270 2880 392 2930 teneros
411 2875 497 2931 lusus
516 2874 590 2943 nati,
611 2875 852 2946 imperfectaque
871 2874 972 2939 verba,

204 2965 305 3030 Quum
323 2964 435 3034 primas
454 2964 505 3020 vix
526 2963 690 3034 inciperem
709 2963 792 3019 rudis
812 2963 901 3019 edere
920 2981 1020 3018 voces,

204 3055 245 3108 Et
263 3052 382 3124 quando
400 3052 476 3107 mihi
494 3052 614 3122 relligio
637 3053 772 3108 sobolem
790 3051 905 3118 abnuit,
925 3052 1013 3106 ambo

207 3150 283 3206 Cara
301 3149 440 3205 fuissetis
459 3149 534 3205 mihi
552 3151 686 3221 pignora,
705 3150 803 3205 dulcis
821 3156 951 3222 uterque

204 3241 267 3294 Ceu
285 3257 368 3310 puer,
388 3238 420 3293 in
438 3244 543 3294 nostra
563 3239 616 3311 qui
634 3257 747 3310 parvus
765 3238 887 3294 luderet
905 3238 984 3294 aula.

205 3328 330 3395 Cuncta,
348 3334 514 3399 utcumque
528 3328 636 3395 forent,
656 3328 731 3382 mihi
743 3328 844 3383 dulcia
856 3334 958 3383 vestra
975 3327 1121 3385 fuissent.

204 3418 325 3487 Infelix,
344 3418 421 3474 caris
440 3418 618 3491 quicumque
639 3418 816 3490 parentibus
828 3420 920 3474 audet

204 3511 287 3562 Dura
304 3508 396 3578 loqui,
415 3517 470 3564 aut
487 3508 570 3563 aliud
589 3508 677 3563 furiis
696 3508 858 3563 immanius
876 3514 964 3563 actus

206 3597 325 3669 Moliri;
344 3605 496 3654 extremas
516 3598 548 3654 in
566 3597 672 3653 mundi
690 3597 831 3674 protinus
852 3615 920 3653 oras
