2550 4176
335 385 377 439 Et
396 400 427 439 se
447 379 626 453 simpliciter
644 377 761 436 blandis
780 379 934 437 insinuare
952 379 1065 452 puellis

442 473 502 528 Sub
522 472 602 528 versi
620 470 695 543 pelli
713 470 876 527 schemate.

335 565 417 631 Quas
430 580 494 634 ege,
515 581 589 633 quas
601 561 694 617 toties
709 560 835 616 memini
852 561 1019 628 traducere,
1038 579 1135 633 quum
1153 580 1203 617 mc

375 688 378 695 ν
442 655 630 710 Consuetum
648 658 799 706 amantem
819 652 989 707 crederent

333 748 374 802 Et
392 745 457 800 sine
476 743 547 798 fuco
568 759 672 798 omnes
691 740 785 796 animi
803 746 923 796 secreta
942 747 1112 810 moverent,

438 835 501 892 Ceu
521 830 660 889 conscius
678 829 768 902 plane
788 829 894 896 forem,

332 927 374 981 Et
392 923 531 996 quamvis
549 921 629 977 risus
648 919 700 975 vix
719 919 906 976 dissimulare
926 919 1043 988 liceret,

438 1013 550 1068 Tamen
569 1011 739 1065 annuebam
759 1008 877 1064 callide.

333 1107 434 1174 Atque
453 1119 492 1156 an
509 1099 641 1156 furtivas
653 1098 729 1153 mihi
746 1115 865 1169 possem
884 1098 1056 1154 adsciscere
1075 1106 1183 1155 noctes

440 1191 508 1245 Non
526 1188 701 1245 desinebam
719 1204 866 1258 quaerere

334 1282 443 1339 Omnia
460 1297 537 1352 quae
557 1277 640 1334 dulci
661 1264 783 1333 demum
802 1294 925 1332 narrare
944 1276 1042 1333 sodali

439 1372 537 1438 Quam
558 1369 656 1434 dulce,
676 1385 768 1438 quam
786 1365 902 1421 laetum
920 1366 994 1422 fuit!

331 1461 401 1531 Ipsa
414 1459 505 1514 etiam
525 1457 556 1512 in
575 1474 702 1523 summo,
716 1473 810 1528 quum
829 1471 884 1509 nos
903 1462 1057 1526 spectaret
1070 1459 1202 1531 Olympo

435 1549 568 1605 Ridebat
587 1553 731 1619 argutum
750 1547 864 1602 Venus.

329 1643 371 1697 At
390 1657 471 1694 nunc
490 1655 572 1693 arma
591 1653 703 1702 omncsr,
723 1653 827 1690 omnes
847 1633 965 1690 infensa
986 1653 1128 1706 paramus

435 1729 606 1792 Tormenta,
627 1726 697 1797 pila,
718 1723 857 1790 cassides,

331 1819 406 1873 'Pela
425 1835 538 1888 omnes,
558 1814 673 1871 vexilla
692 1831 804 1878 omnes,
825 1813 965 1885 aciesque
984 1812 1163 1886 loquuntur,

435 1907 609 1977 Optantque
631 1903 753 1958 caedem
774 1908 805 1956 et
823 1902 1010 1974 sanguinem.

327 1995 408 2051 Proh
425 1995 535 2066 superi,
553 2001 668 2065 quanta
680 2003 737 2061 est,
757 2000 871 2064 quanta
889 1993 1063 2048 immutatio
1076 2011 1190 2059 rerum,

433 2084 681 2155 Vicissitudoquc
701 2082 849 2138 omnium!

329 2175 387 2241 Qui
405 2175 493 2230 modo
514 2173 638 2228 deiicias
657 2179 780 2227 tantum
799 2171 962 2228 affectabat
979 2173 1096 2229 amicae

435 2264 623 2335 Speculoquc
643 2264 806 2336 adaptabat
825 2280 931 2329 comas,

328 2355 417 2410 Nunc
437 2362 468 2410 et
486 2353 658 2420 blanditias,
678 2372 760 2409 nunc
780 2359 963 2423 aspernatur
981 2370 1100 2407 amores

434 2444 548 2499 Sudore
567 2442 642 2497 litus
662 2448 693 2497 et
711 2442 845 2514 pulvere.

238 2638 274 2681 111
287 2649 336 2691 par
350 2636 499 2680 verosimile
522 2636 667 2680 attribuire
682 2640 777 2691 questa
796 2637 874 2680 lirica
887 2637 1006 2680 all’anno
1020 2638 1079 2690 1510,
1095 2637 1124 2680 in
1139 2638 1183 2681 eui

199 2705 242 2748 sul
257 2704 323 2747 duca
337 2702 363 2748 di
376 2703 491 2746 Ferrara
504 2715 619 2756 gravava
633 2702 661 2746 la
675 2704 826 2746 scomunica
840 2704 941 2757 papale,
958 2716 971 2745 6
987 2703 1008 2746 11
1023 2702 1090 2746 (11166
1105 2704 1182 2747 d'Ur-

198 2772 259 2815 bino
274 2771 292 2812 ε’
304 2768 486 2824 impadroniva
500 2769 570 2812 delle
585 2769 718 2822 provincie
735 2768 883 2820 d'Alfcnso,
906 2782 919 2811 6
939 2768 1045 2813 ferveva
1063 2768 1109 2824 piir
1123 2770 1183 2812 viva

200 2837 247 2881 ohe
261 2836 315 2879 mai
329 2837 356 2879 16
370 2847 466 2890 guerra
483 2834 526 2878 fra
541 2835 568 2877 la
582 2835 695 2877 Francia
706 2848 719 2878 6
731 2835 814 2878 Roma
828 2848 841 2878 e
853 2836 879 2878 16
893 2834 992 2877 111111116
1003 2834 1128 2888 spagnole
1139 2847 1177 2877 as-

197 2904 298 2947 soldate
309 2906 402 2945 contro
416 2903 439 2946 ii
452 2902 575 2945 Golonna.
587 2901 669 2945 Parve
684 2902 778 2953 611616,
791 2901 834 2944 fra
848 2901 917 2944 tanti
927 2901 1027 2944 rumori
1036 2900 1062 2942 di
1076 2912 1179 2954 guerra,

197 2973 298 3013 cessata
312 2970 402 3023 quella
415 2969 474 3022 gaia
488 2969 550 3019 vita,
575 2969 631 3012 6116
645 2970 723 3021 quale
744 2970 766 3013 il
785 2969 878 3013 futuro
899 2969 1022 3013 canonico
1040 2969 1182 3021 ripensava

196 3051 244 3080 con
260 3036 398 3080 desiderio.
