2550 4176
154 248 206 303 160

203 349 321 424 Phyllis
338 349 392 405 nbi
409 349 542 404 formosa
560 346 643 403 dedit
661 348 737 407 mihi
755 349 840 405 basia
858 351 967 421 prima,

238 440 401 510 Primaque
422 439 573 492 cantando
593 445 682 508 parta
701 457 814 494 corona
832 440 916 506 mihi,

203 529 307 586 Vivite
327 528 442 585 felices,
463 545 519 582 neo
538 527 624 582 vobis
643 534 698 582 aut
716 529 818 599 gravis
838 536 952 595 aestus

238 620 302 674 Aut
320 623 430 672 noceat
448 634 540 672 saevo
559 616 672 687 frigore
691 617 790 673 tristis
808 618 914 674 hiems.

203 708 266 762 Nec
284 706 439 779 lympham
457 706 636 776 quadrupes
657 724 714 760 nec
732 706 842 762 silvam
861 708 937 762 dura
956 707 1100 778 bipennis

237 797 302 850 Nec
322 794 419 850 violet
437 799 559 850 teneras
578 794 627 849 hic
641 795 732 865 lupus
754 813 825 850 acer
845 813 932 851 oves:

204 886 245 940 Et
262 884 419 955 Nymphae
439 882 530 937 laetis
550 884 707 939 celebrent
727 886 795 939 loca
813 891 921 941 sancta
941 886 1070 955 choreiS,

240 975 281 1029 Et
299 975 364 1027 Pan
382 971 529 1027 Arcadiae
550 971 705 1041 praeferat
727 973 782 1028 illa
800 991 883 1029 suae.

610 1269 650 1320 X.

311 1422 395 1487 DAI
424 1420 603 1489 “LUSUS
626 1422 962 1513 PASTORALES„

485 1564 654 1617 (Garminum,
671 1566 727 1610 Lib.
742 1567 787 1619 ιν.)

208 1746 358 1812 PastoreS,
377 1748 500 1797 teneras
518 1743 625 1812 procul
642 1742 713 1798 hinc
733 1750 835 1799 arcete
858 1746 1000 1816 capellas,

237 1835 278 1888 Et
296 1849 410 1887 sacram
431 1830 525 1901 nigris
544 1832 677 1904 spargite
698 1832 825 1888 humum
843 1833 943 1889 violis.

202 1924 269 1977 Neu
288 1921 403 1977 veteris
423 1921 536 1988 bacchi,
556 1939 616 1976 neu
635 1922 735 1976 dulcis
755 1923 843 1994 copia
861 1924 960 1991 lactiS,

237 2013 304 2067 Neu
323 2010 404 2066 desit
423 2010 560 2066 numeris
579 2010 655 2066 tibia
672 2010 836 2066 flebilibus.

202 2100 262 2156 Hic
281 2101 360 2155 bona
379 2101 493 2173 Hyella
508 2100 599 2170 jacet,
619 2093 736 2171 pecoris
754 2099 888 2157 formosa
906 2103 1060 2174 magistre,

236 2191 257 2246 J
259 2196 411 2262 unctaque
435 2207 504 2245 cum
522 2189 644 2245 domina
661 2189 722 2244 fida
741 2191 859 2260 capella
873 2209 936 2247 sua.

200 2279 290 2334 Illam
313 2296 423 2334 saevus
442 2297 526 2333 amor
543 2279 672 2334 nimium
692 2280 825 2336 infelicis
843 2266 941 2336 iolae

237 2367 388 2437 Perdidit;
407 2367 488 2422 hano
507 2386 594 2423 carae
613 2368 713 2439 perdit
732 2387 816 2422 amor
833 2369 983 2433 dominae.

201 2458 279 2512 Nam
298 2457 389 2513 simul
410 2458 604 2513 exhalantem
624 2457 755 2513 animam
774 2459 934 2531 conspexit
952 2462 1101 2534 Hyellam,

236 2545 337 2617 Ipsius
356 2554 427 2601 ante
446 2548 536 2618 pedes
556 2548 691 2603 concidit
709 2548 856 2604 exanima.

200 2638 371 2692 Fortunata
390 2637 518 2708 capella!
538 2638 608 2708 polo
627 2637 745 2709 fulgere
764 2655 905 2709 supremo

236 2725 372 2794 Dignior,
392 2727 508 2781 Icariae
529 2744 621 2798 quam
640 2727 723 2782 oanis
742 2727 906 2798 Erigones:

201 2813 231 2869 Si
251 2818 306 2868 tua
325 2833 434 2885 magna
452 2813 525 2868 fides
545 2814 684 2869 dominae
705 2831 804 2870 comes
822 2815 865 2870 ire
887 2817 943 2872 sub
962 2819 1088 2886 umbras,

238 2903 348 2967 Audet,
369 2910 399 2957 et
418 2909 489 2957 ante
509 2902 589 2957 diem
608 2903 733 2958 reddere
753 2903 872 2958 dulcem
891 2905 1033 2975 animam,

199 2994 242 3047 At
260 2991 371 3046 florens
390 2998 445 3046 tua
462 2991 544 3046 fama
562 2991 655 3061 viget,
675 3008 854 3064 semperque
874 2994 991 3065 vigebit

236 3081 420 3152 Exemplum
439 3089 564 3136 sanctae
584 3079 749 3136 maximum
769 3082 930 3151 amicitiae,

201 3174 281 3227 Dum
301 3170 380 3226 silva
397 3171 541 3240 gaudebit
560 3188 640 3240 aper,
660 3171 732 3226 dum
751 3179 855 3227 monte
875 3174 1001 3243 capella,

235 3263 316 3321 Dum
334 3259 447 3334 patulis
465 3258 542 3317 ulmi
560 3259 681 3315 decidet
697 3261 804 3320 umbra
822 3261 924 3320 comis.
