<?xml version="1.0" encoding="UTF-8"?>
<!DOCTYPE html PUBLIC "-//W3C//DTD XHTML 1.0 Transitional//EN"
    "http://www.w3.org/TR/xhtml1/DTD/xhtml1-transitional.dtd">
<html xmlns="http://www.w3.org/1999/xhtml" xml:lang="en" lang="en">
 <head>
  <title>
</title>
<meta http-equiv="Content-Type" content="text/html;charset=utf-8" />
  <meta name='ocr-system' content='tesseract 3.04.00' />
  <meta name='ocr-capabilities' content='ocr_page ocr_carea ocr_par ocr_line ocrx_word'/>
</head>
<body>
  <div class='ocr_page' id='page_1' title='image "./antologiadellal00costgoog_0242.png"; bbox 0 0 2550 4176; ppageno 0'>
   <div class='ocr_carea' id='block_1_1' title="bbox 282 391 821 3323">
    <p class='ocr_par' dir='ltr' id='par_1_1' title="bbox 282 391 821 1185">
     <span class='ocr_line' id='line_1_1' title="bbox 285 391 681 472; baseline -0.013 -16"><span class='ocrx_word' id='word_1_1' title='bbox 285 394 398 472; x_wconf 87' lang='lat' dir='ltr'><strong>Suique</strong></span> <span class='ocrx_word' id='word_1_2' title='bbox 418 392 530 453; x_wconf 83' lang='lat' dir='ltr'><strong>amoris</strong></span> <span class='ocrx_word' id='word_1_3' title='bbox 548 391 681 455; x_wconf 84' lang='lat' dir='ltr'><strong>fervidos</strong></span> 
     </span>
     <span class='ocr_line' id='line_1_2' title="bbox 282 486 707 545; baseline -0.005 -1"><span class='ocrx_word' id='word_1_4' title='bbox 282 491 319 544; x_wconf 94' lang='lat' dir='ltr'><strong>In</strong></span> <span class='ocrx_word' id='word_1_5' title='bbox 339 489 427 545; x_wconf 90' lang='lat' dir='ltr'><strong>corde</strong></span> <span class='ocrx_word' id='word_1_6' title='bbox 447 489 569 542; x_wconf 86' lang='lat' dir='ltr'><strong>aculeos</strong></span> <span class='ocrx_word' id='word_1_7' title='bbox 590 486 707 542; x_wconf 89' lang='lat' dir='ltr'><strong>inserit.</strong></span> 
     </span>
     <span class='ocr_line' id='line_1_3' title="bbox 284 575 665 647; baseline -0.005 -14"><span class='ocrx_word' id='word_1_8' title='bbox 284 579 422 634; x_wconf 80' lang='lat' dir='ltr'><strong>Clamore</strong></span> <span class='ocrx_word' id='word_1_9' title='bbox 442 583 527 632; x_wconf 91' lang='lat' dir='ltr'><strong>muto</strong></span> <span class='ocrx_word' id='word_1_10' title='bbox 546 575 665 647; x_wconf 76' lang='lat' dir='ltr'><strong>pectori</strong></span> 
     </span>
     <span class='ocr_line' id='line_1_4' title="bbox 284 652 821 723; baseline -0.009 0"><span class='ocrx_word' id='word_1_11' title='bbox 284 669 352 723; x_wconf 89' lang='lat' dir='ltr'><strong>Meo</strong></span> <span class='ocrx_word' id='word_1_12' title='bbox 372 667 567 721; x_wconf 83' lang='lat' dir='ltr'>insusurrans</span> <span class='ocrx_word' id='word_1_13' title='bbox 587 665 624 720; x_wconf 83' lang='lat' dir='ltr'><strong>ad</strong></span> <span class='ocrx_word' id='word_1_14' title='bbox 643 682 733 720; x_wconf 92' lang='lat' dir='ltr'><strong>suum</strong></span> <span class='ocrx_word' id='word_1_15' title='bbox 819 652 821 656; x_wconf 35' lang='lat'><strong><em>ยน</em></strong></span> 
     </span>
     <span class='ocr_line' id='line_1_5' title="bbox 287 753 758 825; baseline -0.004 -13"><span class='ocrx_word' id='word_1_16' title='bbox 287 756 406 812; x_wconf 90' lang='lat' dir='ltr'><strong>Numen</strong></span> <span class='ocrx_word' id='word_1_17' title='bbox 425 761 524 823; x_wconf 84' lang='lat' dir='ltr'><strong>vocat,</strong></span> <span class='ocrx_word' id='word_1_18' title='bbox 543 754 647 820; x_wconf 83' lang='lat' dir='ltr'><strong>trahit,</strong></span> <span class='ocrx_word' id='word_1_19' title='bbox 667 753 758 825; x_wconf 83' lang='lat' dir='ltr'><strong>rapit.</strong></span> 
     </span>
     <span class='ocr_line' id='line_1_6' title="bbox 288 844 755 915; baseline -0.009 -13"><span class='ocrx_word' id='word_1_20' title='bbox 288 846 405 915; x_wconf 83' lang='lat' dir='ltr'><strong>Adsum</strong></span> <span class='ocrx_word' id='word_1_21' title='bbox 423 849 518 915; x_wconf 90' lang='lat' dir='ltr'><strong>pater,</strong></span> <span class='ocrx_word' id='word_1_22' title='bbox 539 862 556 898; x_wconf 94' lang='lat' dir='ltr'><strong>o</strong></span> <span class='ocrx_word' id='word_1_23' title='bbox 575 844 682 900; x_wconf 81' lang='lat' dir='ltr'><strong>adsum</strong></span> <span class='ocrx_word' id='word_1_24' title='bbox 701 850 755 898; x_wconf 91' lang='lat' dir='ltr'><strong>tuo</strong></span> 
     </span>
     <span class='ocr_line' id='line_1_7' title="bbox 286 932 708 1004; baseline -0.002 -14"><span class='ocrx_word' id='word_1_25' title='bbox 286 936 376 990; x_wconf 82' lang='lat' dir='ltr'><strong>Sacro</strong></span> <span class='ocrx_word' id='word_1_26' title='bbox 395 939 539 988; x_wconf 85' lang='lat' dir='ltr'><strong>aestuans</strong></span> <span class='ocrx_word' id='word_1_27' title='bbox 559 932 708 1004; x_wconf 71' lang='lat' dir='ltr'><strong>cupidine,</strong></span> 
     </span>
     <span class='ocr_line' id='line_1_8' title="bbox 285 1022 790 1081; baseline -0.01 0"><span class='ocrx_word' id='word_1_28' title='bbox 285 1024 464 1081; x_wconf 88' lang='lat' dir='ltr'><strong>Mortalium</strong></span> <span class='ocrx_word' id='word_1_29' title='bbox 482 1041 583 1078; x_wconf 90' lang='lat' dir='ltr'><strong>rerum</strong></span> <span class='ocrx_word' id='word_1_30' title='bbox 603 1022 738 1077; x_wconf 90' lang='lat' dir='ltr'><strong>omnium</strong></span> <span class='ocrx_word' id='word_1_31' title='bbox 757 1029 790 1077; x_wconf 91' lang='lat' dir='ltr'><strong>et</strong></span> 
     </span>
     <span class='ocr_line' id='line_1_9' title="bbox 285 1111 650 1185; baseline -0.011 -16"><span class='ocrx_word' id='word_1_32' title='bbox 285 1113 387 1185; x_wconf 87' lang='lat' dir='ltr'>Ipsius</span> <span class='ocrx_word' id='word_1_33' title='bbox 405 1113 563 1167; x_wconf 90' lang='lat' dir='ltr'><strong>immemor</strong></span> <span class='ocrx_word' id='word_1_34' title='bbox 582 1111 650 1173; x_wconf 77' lang='lat' dir='ltr'><strong>mei,</strong></span> 
     </span>
    </p>

    <p class='ocr_par' dir='ltr' id='par_1_2' title="bbox 287 1201 647 1259">
     <span class='ocr_line' id='line_1_10' title="bbox 287 1201 647 1259; baseline -0.008 0"><span class='ocrx_word' id='word_1_35' title='bbox 287 1203 386 1259; x_wconf 88' lang='lat' dir='ltr'><strong>Solius</strong></span> <span class='ocrx_word' id='word_1_36' title='bbox 405 1207 437 1256; x_wconf 86' lang='lat' dir='ltr'><strong>at</strong></span> <span class='ocrx_word' id='word_1_37' title='bbox 455 1218 572 1256; x_wconf 91' lang='lat' dir='ltr'><strong>memor</strong></span> <span class='ocrx_word' id='word_1_38' title='bbox 590 1201 647 1256; x_wconf 88' lang='lat' dir='ltr'><strong>tui.</strong></span> 
     </span>
    </p>

    <p class='ocr_par' dir='ltr' id='par_1_3' title="bbox 287 1292 766 1540">
     <span class='ocr_line' id='line_1_11' title="bbox 288 1292 766 1361; baseline -0.002 -14"><span class='ocrx_word' id='word_1_39' title='bbox 288 1293 333 1347; x_wconf 85' lang='lat' dir='ltr'><strong>&#39;Pu</strong></span> <span class='ocrx_word' id='word_1_40' title='bbox 353 1292 423 1357; x_wconf 86' lang='lat' dir='ltr'><strong>dux,</strong></span> <span class='ocrx_word' id='word_1_41' title='bbox 442 1297 539 1361; x_wconf 87' lang='lat' dir='ltr'><strong>pater,</strong></span> <span class='ocrx_word' id='word_1_42' title='bbox 559 1308 614 1345; x_wconf 85' lang='lat' dir='ltr'><strong>rex</strong></span> <span class='ocrx_word' id='word_1_43' title='bbox 634 1296 665 1345; x_wconf 90' lang='lat' dir='ltr'><strong>et</strong></span> <span class='ocrx_word' id='word_1_44' title='bbox 682 1293 766 1346; x_wconf 91' lang='lat' dir='ltr'><strong>Deus</strong></span> 
     </span>
     <span class='ocr_line' id='line_1_12' title="bbox 288 1381 756 1446; baseline -0.004 -9"><span class='ocrx_word' id='word_1_45' title='bbox 288 1384 430 1446; x_wconf 78' lang='lat' dir='ltr'><strong>Pronum,</strong></span> <span class='ocrx_word' id='word_1_46' title='bbox 450 1381 615 1445; x_wconf 85' lang='lat' dir='ltr'><strong>volentem,</strong></span> <span class='ocrx_word' id='word_1_47' title='bbox 636 1381 756 1435; x_wconf 92' lang='lat' dir='ltr'><strong>concito</strong></span> 
     </span>
     <span class='ocr_line' id='line_1_13' title="bbox 287 1469 744 1540; baseline -0.007 -14"><span class='ocrx_word' id='word_1_48' title='bbox 287 1471 384 1526; x_wconf 83' lang='lat' dir='ltr'><strong>Cursu</strong></span> <span class='ocrx_word' id='word_1_49' title='bbox 404 1469 598 1525; x_wconf 78' lang='lat' dir='ltr'><strong>advolantem</strong></span> <span class='ocrx_word' id='word_1_50' title='bbox 617 1469 744 1540; x_wconf 79' lang='lat' dir='ltr'><strong>suscipe.</strong></span> 
     </span>
    </p>

    <p class='ocr_par' dir='ltr' id='par_1_4' title="bbox 288 1557 803 1883">
     <span class='ocr_line' id='line_1_14' title="bbox 289 1557 758 1628; baseline -0.004 -13"><span class='ocrx_word' id='word_1_51' title='bbox 289 1561 310 1615; x_wconf 84' lang='lat' dir='ltr'><strong>J</strong></span> <span class='ocrx_word' id='word_1_52' title='bbox 312 1578 360 1615; x_wconf 92' lang='lat' dir='ltr'><strong>am</strong></span> <span class='ocrx_word' id='word_1_53' title='bbox 380 1575 488 1628; x_wconf 91' lang='lat' dir='ltr'><strong>corpus</strong></span> <span class='ocrx_word' id='word_1_54' title='bbox 505 1557 562 1612; x_wconf 94' lang='lat' dir='ltr'><strong>hoc</strong></span> <span class='ocrx_word' id='word_1_55' title='bbox 582 1557 640 1612; x_wconf 85' lang='lat' dir='ltr'><strong>sibi</strong></span> <span class='ocrx_word' id='word_1_56' title='bbox 658 1576 758 1628; x_wconf 83' lang='lat' dir='ltr'><strong>grave,</strong></span> 
     </span>
     <span class='ocr_line' id='line_1_15' title="bbox 288 1645 738 1716; baseline -0.004 -15"><span class='ocrx_word' id='word_1_57' title='bbox 288 1647 468 1716; x_wconf 80' lang='lat' dir='ltr'><strong>Primusque</strong></span> <span class='ocrx_word' id='word_1_58' title='bbox 487 1645 576 1700; x_wconf 89' lang='lat' dir='ltr'><strong>matri</strong></span> <span class='ocrx_word' id='word_1_59' title='bbox 594 1645 738 1715; x_wconf 84' lang='lat' dir='ltr'><strong>debitum,</strong></span> 
     </span>
     <span class='ocr_line' id='line_1_16' title="bbox 289 1736 803 1808; baseline 0 -16"><span class='ocrx_word' id='word_1_60' title='bbox 289 1738 388 1803; x_wconf 80' lang='lat' dir='ltr'><strong>Quam</strong></span> <span class='ocrx_word' id='word_1_61' title='bbox 406 1753 553 1791; x_wconf 89' lang='lat' dir='ltr'><strong>cernuum</strong></span> <span class='ocrx_word' id='word_1_62' title='bbox 572 1736 603 1790; x_wconf 89' lang='lat' dir='ltr'><strong>in</strong></span> <span class='ocrx_word' id='word_1_63' title='bbox 624 1736 689 1791; x_wconf 90' lang='lat' dir='ltr'><strong>dies</strong></span> <span class='ocrx_word' id='word_1_64' title='bbox 708 1736 803 1808; x_wconf 84' lang='lat' dir='ltr'><strong>magis</strong></span> 
     </span>
     <span class='ocr_line' id='line_1_17' title="bbox 291 1824 685 1883; baseline -0.008 0"><span class='ocrx_word' id='word_1_65' title='bbox 291 1827 391 1883; x_wconf 86' lang='lat' dir='ltr'><strong>Curvo</strong></span> <span class='ocrx_word' id='word_1_66' title='bbox 410 1825 551 1880; x_wconf 91' lang='lat' dir='ltr'><strong>intuetur</strong></span> <span class='ocrx_word' id='word_1_67' title='bbox 568 1824 685 1880; x_wconf 87' lang='lat' dir='ltr'><strong>vertice</strong></span> 
     </span>
    </p>

    <p class='ocr_par' dir='ltr' id='par_1_5' title="bbox 291 1913 659 1985">
     <span class='ocr_line' id='line_1_18' title="bbox 291 1913 659 1985; baseline -0.008 -13"><span class='ocrx_word' id='word_1_68' title='bbox 291 1916 359 1972; x_wconf 87' lang='lat' dir='ltr'><strong>Suis</strong></span> <span class='ocrx_word' id='word_1_69' title='bbox 378 1915 459 1970; x_wconf 80' lang='lat' dir='ltr'><strong>refer</strong></span> <span class='ocrx_word' id='word_1_70' title='bbox 477 1913 659 1985; x_wconf 85' lang='lat' dir='ltr'><strong>primordiis.</strong></span> 
     </span>
    </p>

    <p class='ocr_par' dir='ltr' id='par_1_6' title="bbox 291 2003 769 2150">
     <span class='ocr_line' id='line_1_19' title="bbox 291 2003 769 2075; baseline -0.006 -13"><span class='ocrx_word' id='word_1_71' title='bbox 291 2008 333 2062; x_wconf 83' lang='lat' dir='ltr'><strong>At</strong></span> <span class='ocrx_word' id='word_1_72' title='bbox 351 2005 432 2059; x_wconf 91' lang='lat' dir='ltr'><strong>hunc</strong></span> <span class='ocrx_word' id='word_1_73' title='bbox 451 2003 608 2075; x_wconf 84' lang='lat' dir='ltr'><strong>vigentem</strong></span> <span class='ocrx_word' id='word_1_74' title='bbox 626 2004 769 2075; x_wconf 89' lang='lat' dir='ltr'><strong>spiritum</strong></span> 
     </span>
     <span class='ocr_line' id='line_1_20' title="bbox 292 2092 618 2150; baseline -0.006 0"><span class='ocrx_word' id='word_1_75' title='bbox 292 2092 471 2150; x_wconf 83' lang='lat' dir='ltr'><strong>Divinitatis</strong></span> <span class='ocrx_word' id='word_1_76' title='bbox 490 2093 527 2147; x_wconf 91' lang='lat' dir='ltr'><strong>ad</strong></span> <span class='ocrx_word' id='word_1_77' title='bbox 546 2098 618 2148; x_wconf 88' lang='lat' dir='ltr'><strong>tuae</strong></span> 
     </span>
    </p>

    <p class='ocr_par' dir='ltr' id='par_1_7' title="bbox 292 2184 798 2606">
     <span class='ocr_line' id='line_1_21' title="bbox 292 2184 762 2257; baseline -0.002 -17"><span class='ocrx_word' id='word_1_78' title='bbox 292 2185 412 2257; x_wconf 77' lang='lat' dir='ltr'><strong>Typum</strong></span> <span class='ocrx_word' id='word_1_79' title='bbox 432 2188 566 2239; x_wconf 82' lang='lat' dir='ltr'><strong>creatum</strong></span> <span class='ocrx_word' id='word_1_80' title='bbox 585 2189 617 2238; x_wconf 91' lang='lat' dir='ltr'><strong>et</strong></span> <span class='ocrx_word' id='word_1_81' title='bbox 636 2184 762 2240; x_wconf 86' lang='lat' dir='ltr'><strong>dextera</strong></span> 
     </span>
     <span class='ocr_line' id='line_1_22' title="bbox 293 2272 681 2339; baseline 0 -11"><span class='ocrx_word' id='word_1_82' title='bbox 293 2273 415 2328; x_wconf 86' lang='lat' dir='ltr'><strong>Fictum</strong></span> <span class='ocrx_word' id='word_1_83' title='bbox 433 2279 494 2339; x_wconf 89' lang='lat' dir='ltr'><strong>tua,</strong></span> <span class='ocrx_word' id='word_1_84' title='bbox 514 2272 681 2328; x_wconf 77' lang='lat' dir='ltr'><strong>necessitas</strong></span> 
     </span>
     <span class='ocr_line' id='line_1_23' title="bbox 296 2361 798 2434; baseline 0.002 -17"><span class='ocrx_word' id='word_1_85' title='bbox 296 2364 395 2430; x_wconf 81' lang='lat' dir='ltr'><strong>Quem</strong></span> <span class='ocrx_word' id='word_1_86' title='bbox 414 2363 500 2417; x_wconf 91' lang='lat' dir='ltr'><strong>nulla</strong></span> <span class='ocrx_word' id='word_1_87' title='bbox 519 2363 628 2418; x_wconf 89' lang='lat' dir='ltr'><strong>mortis</strong></span> <span class='ocrx_word' id='word_1_88' title='bbox 647 2361 798 2434; x_wconf 89' lang='lat' dir='ltr'><strong>opprimet</strong></span> 
     </span>
     <span class='ocr_line' id='line_1_24' title="bbox 293 2451 700 2523; baseline -0.002 -15"><span class='ocrx_word' id='word_1_89' title='bbox 293 2454 405 2508; x_wconf 80' lang='lat' dir='ltr'><strong>Lustra</strong></span> <span class='ocrx_word' id='word_1_90' title='bbox 424 2451 555 2523; x_wconf 85' lang='lat' dir='ltr'><strong>benigno</strong></span> <span class='ocrx_word' id='word_1_91' title='bbox 573 2451 700 2507; x_wconf 86' lang='lat' dir='ltr'><strong>lumine.</strong></span> 
     </span>
     <span class='ocr_line' id='line_1_25' title="bbox 293 2539 647 2606; baseline -0.006 -10"><span class='ocrx_word' id='word_1_92' title='bbox 293 2539 374 2596; x_wconf 91' lang='lat' dir='ltr'><strong>Huic</strong></span> <span class='ocrx_word' id='word_1_93' title='bbox 394 2540 527 2606; x_wconf 86' lang='lat' dir='ltr'><strong>exeunti,</strong></span> <span class='ocrx_word' id='word_1_94' title='bbox 546 2546 647 2596; x_wconf 88' lang='lat' dir='ltr'><strong>terrea</strong></span> 
     </span>
    </p>

    <p class='ocr_par' dir='ltr' id='par_1_8' title="bbox 295 2629 667 2686">
     <span class='ocr_line' id='line_1_26' title="bbox 295 2629 667 2686; baseline -0.003 0"><span class='ocrx_word' id='word_1_95' title='bbox 295 2629 378 2686; x_wconf 91' lang='lat' dir='ltr'><strong>Huic</strong></span> <span class='ocrx_word' id='word_1_96' title='bbox 398 2629 525 2685; x_wconf 85' lang='lat' dir='ltr'><strong>exuenti</strong></span> <span class='ocrx_word' id='word_1_97' title='bbox 543 2629 667 2686; x_wconf 85' lang='lat' dir='ltr'><strong>vincula</strong></span> 
     </span>
    </p>

    <p class='ocr_par' dir='ltr' id='par_1_9' title="bbox 296 2718 677 2789">
     <span class='ocr_line' id='line_1_27' title="bbox 296 2718 677 2789; baseline -0.005 -14"><span class='ocrx_word' id='word_1_98' title='bbox 296 2719 371 2775; x_wconf 86' lang='lat' dir='ltr'><strong>Alas</strong></span> <span class='ocrx_word' id='word_1_99' title='bbox 389 2718 532 2774; x_wconf 89' lang='lat' dir='ltr'><strong>volucres</strong></span> <span class='ocrx_word' id='word_1_100' title='bbox 550 2719 677 2789; x_wconf 83' lang='lat' dir='ltr'><strong>applica,</strong></span> 
     </span>
    </p>

    <p class='ocr_par' dir='ltr' id='par_1_10' title="bbox 295 2808 761 3055">
     <span class='ocr_line' id='line_1_28' title="bbox 295 2808 761 2880; baseline -0.006 -14"><span class='ocrx_word' id='word_1_101' title='bbox 295 2811 341 2866; x_wconf 90' lang='lat' dir='ltr'><strong>Ut</strong></span> <span class='ocrx_word' id='word_1_102' title='bbox 358 2808 512 2880; x_wconf 79' lang='lat' dir='ltr'><strong>praepetis</strong></span> <span class='ocrx_word' id='word_1_103' title='bbox 531 2808 652 2880; x_wconf 89' lang='lat' dir='ltr'><strong>aquilae</strong></span> <span class='ocrx_word' id='word_1_104' title='bbox 672 2810 761 2864; x_wconf 89' lang='lat' dir='ltr'><strong>modo</strong></span> 
     </span>
     <span class='ocr_line' id='line_1_29' title="bbox 296 2895 712 2969; baseline -0.007 -16"><span class='ocrx_word' id='word_1_105' title='bbox 296 2899 442 2969; x_wconf 84' lang='lat' dir='ltr'><strong>Suprema</strong></span> <span class='ocrx_word' id='word_1_106' title='bbox 460 2903 587 2952; x_wconf 80' lang='lat' dir='ltr'><strong>tranans</strong></span> <span class='ocrx_word' id='word_1_107' title='bbox 605 2895 712 2951; x_wconf 87' lang='lat' dir='ltr'><strong>nubila</strong></span> 
     </span>
     <span class='ocr_line' id='line_1_30' title="bbox 296 2983 677 3055; baseline -0.008 -14"><span class='ocrx_word' id='word_1_108' title='bbox 296 2987 398 3041; x_wconf 90' lang='lat' dir='ltr'><strong>Humo</strong></span> <span class='ocrx_word' id='word_1_109' title='bbox 418 2984 535 3055; x_wconf 83' lang='lat' dir='ltr'><strong>relicta,</strong></span> <span class='ocrx_word' id='word_1_110' title='bbox 554 2983 677 3039; x_wconf 91' lang='lat' dir='ltr'><strong>sedibus</strong></span> 
     </span>
    </p>

    <p class='ocr_par' dir='ltr' id='par_1_11' title="bbox 296 3074 752 3235">
     <span class='ocr_line' id='line_1_31' title="bbox 296 3074 752 3146; baseline -0.002 -15"><span class='ocrx_word' id='word_1_111' title='bbox 296 3076 379 3146; x_wconf 81' lang='lat' dir='ltr'><strong>Tuis,</strong></span> <span class='ocrx_word' id='word_1_112' title='bbox 399 3076 499 3144; x_wconf 88' lang='lat' dir='ltr'><strong>Pater,</strong></span> <span class='ocrx_word' id='word_1_113' title='bbox 519 3091 551 3129; x_wconf 90' lang='lat' dir='ltr'><strong>se</strong></span> <span class='ocrx_word' id='word_1_114' title='bbox 572 3074 752 3144; x_wconf 83' lang='lat' dir='ltr'><strong>immisceat,</strong></span> 
     </span>
     <span class='ocr_line' id='line_1_32' title="bbox 296 3165 637 3235; baseline 0 -16"><span class='ocrx_word' id='word_1_115' title='bbox 296 3165 354 3220; x_wconf 81' lang='lat' dir='ltr'><strong>&#39;Fui</strong></span> <span class='ocrx_word' id='word_1_116' title='bbox 372 3165 494 3219; x_wconf 86' lang='lat' dir='ltr'><strong>fruatur</strong></span> <span class='ocrx_word' id='word_1_117' title='bbox 512 3171 637 3235; x_wconf 86' lang='lat' dir='ltr'><strong>perpete</strong></span> 
     </span>
    </p>

    <p class='ocr_par' dir='ltr' id='par_1_12' title="bbox 294 3252 690 3323">
     <span class='ocr_line' id='line_1_33' title="bbox 294 3252 690 3323; baseline -0.008 -13"><span class='ocrx_word' id='word_1_118' title='bbox 294 3255 336 3310; x_wconf 88' lang='lat' dir='ltr'><strong>Et</strong></span> <span class='ocrx_word' id='word_1_119' title='bbox 354 3252 488 3310; x_wconf 89' lang='lat' dir='ltr'><strong>numinis</strong></span> <span class='ocrx_word' id='word_1_120' title='bbox 506 3252 690 3323; x_wconf 81' lang='lat' dir='ltr'><strong>praesentia.</strong></span> 
     </span>
    </p>
   </div>
   <div class='ocr_carea' id='block_1_2' title="bbox 520 3505 640 3598">
    <p class='ocr_par' dir='ltr' id='par_1_13' title="bbox 520 3505 640 3598">
     <span class='ocr_line' id='line_1_34' title="bbox 520 3505 640 3598; baseline -0.008 -33"><span class='ocrx_word' id='word_1_121' title='bbox 520 3595 523 3598; x_wconf 15' lang='grc' dir='ltr'>ฮน</span> <span class='ocrx_word' id='word_1_122' title='bbox 536 3505 640 3565; x_wconf 80' lang='lat' dir='ltr'><strong>FINE.</strong></span> 
     </span>
    </p>
   </div>
   <div class='ocr_carea' id='block_1_3' title="bbox 0 0 1299 4176">
    <p class='ocr_par' dir='ltr' id='par_1_14' title="bbox 0 0 1299 4176">
     <span class='ocr_line' id='line_1_35' title="bbox 0 0 1299 4176; baseline 0 0"><span class='ocrx_word' id='word_1_123' title='bbox 0 0 1299 4176; x_wconf 95' lang='lat' dir='ltr'><strong> </strong></span> 
     </span>
    </p>
   </div>
  </div>
 </body>
</html>
