2550 4176
249 365 301 428 114
356 398 361 406 -

263 477 330 532 Non
350 493 426 547 opus
445 480 492 531 est
510 488 616 544 armes,
637 467 738 532 veluti
758 465 863 535 'Photis
883 464 989 541 altera,
1010 473 1131 546 natum3

299 565 353 620 Sat
371 566 455 621 valet
473 564 535 635 ille,
554 564 601 619 tui
620 564 700 636 quod
719 565 810 619 decus
830 563 890 618 oris
908 563 1011 618 habet.

263 653 401 709 Hostiles
421 651 503 706 ultro
523 651 650 707 venient
668 652 724 706 sub
740 651 810 723 jura
829 651 970 705 cohortes

299 739 509 812 Subieetisque
527 739 614 794 labor
632 756 755 809 parcere
775 737 872 809 major
891 739 958 794 erit.

264 833 431 886 Fortunate
450 845 533 899 puer,
553 833 702 899 quantum
720 827 777 882 tibi
795 827 859 881 fata
878 828 1042 883 dederunt!

299 918 399 974 Fulsit
418 918 449 971 in
467 922 592 972 exortus
611 916 702 972 stella
722 916 852 988 benigna
872 928 950 972 tuoe.

264 1008 363 1063 Multa
383 1005 504 1079 quidem
523 1005 646 1076 Superis
665 1005 764 1072 debes,
783 1006 852 1076 plus
870 1005 928 1060 hoo
948 1012 1051 1061 tamen
1071 1023 1178 1062 unum.

300 1095 386 1163 Quod
406 1101 470 1149 tam
488 1111 556 1148 1010
573 1092 630 1148 tibi
648 1092 778 1165 contigit
795 1110 861 1148 esse
879 1111 996 1164 parens.

263 1186 370 1243 Altera
389 1201 450 1238 nou
472 1180 574 1253 potuit
593 1188 624 1237 te
643 1182 723 1236 ferre
743 1181 862 1236 beatior
880 1182 976 1251 alvus²

297 1274 365 1329 Non
384 1271 441 1327 tibi
459 1272 486 1326 si
504 1278 609 1338 mater,
630 1277 728 1324 mater
747 1269 868 1325 Amoris
888 1276 962 1324 0100.

265 1363 343 1419 Solis
363 1363 399 1417 ab
419 1378 537 1429 000000,
557 1359 634 1415 Solis
653 1365 825 1430 spectamus
844 1359 881 1413 ad
901 1365 1011 1428 ortum,

299 1453 363 1507 Nee
382 1458 485 1506 tamen
504 1448 576 1525 huie
596 1454 661 1503 toto
682 1448 832 1502 cernimus
853 1449 922 1502 orbe
943 1466 1056 1518 parem.

268 1541 342 1596 Plus
362 1539 473 1613 Lybies
491 1537 605 1608 spoliis,
625 1536 788 1609 spoliisque
809 1536 943 1592 Orientis
963 1543 995 1592 et
1014 1537 1110 1604 Arcti,

298 1627 416 1698 Borgia‚
436 1626 533 1682 natali
552 1627 650 1680 Roma
668 1627 798 1696 superba
817 1631 871 1680 tuo
891 1631 947 1680 est.

263 1714 328 1768 Neo
346 1712 420 1768 sinit
437 1712 494 1767 hoe
515 1711 648 1766 tumidos
667 1709 726 1765 sibi
744 1727 891 1782 quaerere
911 1728 1023 1765 nomen
1043 1711 1155 1780 1110100,

298 1800 416 1856 Setabis
434 1808 471 1857 ut
488 1800 599 1857 vestris
619 1801 682 1854 alta
700 1799 838 1870 superbit
856 1799 929 1855 avis.

264 1892 404 1958 Romule,
425 1890 474 1944 uui
493 1896 609 1944 tantam
629 1894 755 1959 septeno
774 1888 806 1942 in
825 1888 942 1945 vertice
962 1890 1074 1944 molem

301 1979 436 2035 Condere
455 1977 540 2033 felici
558 1977 622 2032 fata
642 1978 749 2032 dedere
770 1996 871 2047 manu,

266 2070 353 2123 Nune
372 2066 456 2138 operi
473 2073 592 2137 gratare
612 2075 675 2135 tuo,
695 2085 777 2122 nuno
796 2067 890 2123 Silvia
908 2086 973 2124 sese

301 2154 321 2208 J
323 2158 407 2206 aotet
425 2157 456 2206 et
473 2151 564 2205 altori
581 2151 713 2221 gaudeat
732 2151 814 2206 Acca
833 2150 910 2207 sinu.

267 2241 363 2306 Quale
383 2240 476 2295 decus
488 2244 599 2308 vestra,
619 2245 767 2310 quantum
782 2239 871 2311 jubar
891 2241 956 2295 exit
975 2243 1012 2296 ab
1030 2244 1120 2297 urbe!

300 2330 367 2385 Non
386 2346 470 2400 mage
491 2327 608 2382 nutrito
628 2327 717 2383 Creta
736 2328 863 2382 colenda
881 2330 961 2385 Jove
980 2337 1037 2384 est.

265 2418 346 2474 Hine
365 2434 434 2471 1001
452 2416 619 2472 Arcadibus
638 2417 833 2472 memorabile
853 2419 1048 2473 Pallanteum

302 2506 501 2577 Thespiaden,
520 2505 622 2576 magni
640 2523 713 2561 voce
735 2506 868 2577 aperisse
887 2508 953 2563 Dei.

266 2594 420 2650 Fatidieae
441 2593 537 2665 magis
557 2593 685 2649 emicuit
704 2595 848 2650 Lucretia
865 2597 946 2665 Vati,

306 2685 405 2750 Quam
424 2689 471 2738 tot
489 2682 600 2739 Juleae
621 2683 703 2737 olera
722 2684 868 2754 trophaea
888 2685 1005 2741 domus,

267 2772 355 2827 Nune
374 2772 475 2843 potuit
493 2777 598 2827 tantus
617 2789 700 2827 seros
720 2770 854 2828 oriturus
872 2773 904 2828 in
924 2793 1018 2830 annos

302 2860 442 2915 Praescia
460 2860 583 2916 venturi
603 2860 692 2914 eorda
710 2861 807 2915 latere
826 2861 916 2917 nitor.

267 2952 311 3007 Ut
329 2951 404 3005 lieet
424 2956 558 3004 extremo
578 2957 700 3005 maneat
718 2951 769 3005 Sol
788 2950 908 3007 abditus
927 2953 1007 3021 orbe,

303 3039 394 3093 Astra
412 3043 515 3092 tamen
533 3037 609 3091 radii
628 3037 714 3108 signa
732 3038 856 3093 latentis
874 3039 995 3093 habent.
1089 3079 1095 3088 .

265 3126 325 3182 Hie
344 3126 449 3181 deerat
468 3131 588 3181 tantum
607 3126 710 3181 decori
727 3127 887 3198 famaeque
909 3127 1042 3194 futurae,

301 3215 346 3271 Ut
363 3233 484 3286 pareres
502 3221 633 3283 nostroe,
653 3216 765 3286 Borgia
785 3215 862 3284 diva,
882 3218 971 3271 Deos

267 3304 351 3370 Quod
369 3303 430 3359 fuit
448 3305 480 3358 in
500 3303 588 3374 votis,
607 3305 741 3359 numeris
760 3304 933 3376 ingentibus
959 3305 1075 3378 imples.

302 3395 430 3448 Munera
449 3399 520 3448 sunt
538 3393 619 3448 uteri
638 3411 714 3461 0010,
734 3392 786 3448 sed
805 3394 905 3464 ampla
923 3393 978 3449 tui.

268 3482 384 3551 Cresco,
404 3485 501 3537 Deum
520 3483 646 3552 00110100,
665 3491 698 3537 00
716 3482 767 3537 avi
785 3481 947 3538 benefacta
965 3484 1085 3554 paterni

302 3570 451 3646 Herculis,
471 3576 507 3627 ut
525 3586 610 3628 00010
630 3587 740 3628 nomeu
759 3570 795 3626 ab
815 3588 912 3642 amne,
932 3571 1021 3630 refer.
