2550 4176
244 274 280 329 66

261 380 306 436 Ut
323 376 456 448 speciem
475 383 507 432 et
526 378 623 431 clarae
644 375 739 431 ferret
758 391 834 447 quae
854 391 982 429 munera
1000 372 1124 440 formae,

297 466 418 538 Ingenii
436 466 537 522 nullas
556 471 718 538 quaereret
737 465 792 520 illa
810 463 891 529 vias;

264 558 410 629 Quaeque
429 557 523 612 animi
541 557 635 612 decus
653 556 802 623 indueret,
823 556 1000 627 cultumque
1019 573 1073 626 per
1086 560 1169 610 artes

296 646 409 699 Pectus
427 643 603 715 Apollineas
622 643 838 716 ingeniumque
858 643 952 710 ferax,

260 735 320 789 Illa
337 733 396 789 sibi
414 735 535 789 nullum
552 731 667 789 formae
688 738 823 804 speraret
840 733 986 788 honorem

299 825 401 896 Atque
419 841 522 879 omnes
540 832 630 894 pacto
645 823 738 895 jussit
756 823 861 878 adesse
879 825 966 878 Deos.

262 913 399 968 Plurima
417 931 543 986 cumque
562 931 642 970 novo
662 913 810 969 crevisset
827 911 942 967 femina
961 911 1083 979 mundo,

299 1004 438 1058 Eventus
458 1008 572 1057 certam
590 1002 761 1057 sustinuere
779 1001 875 1056 fidem

262 1091 399 1162 Namque
417 1097 454 1146 ut
470 1091 585 1146 habent
603 1091 683 1145 maia
701 1108 773 1146 rura
791 1089 931 1146 valentes
950 1106 1041 1160 saepe
1062 1089 1194 1158 colonos,

296 1178 445 1251 Pigraque
464 1178 518 1252 qui
534 1179 632 1234 bonus
650 1184 707 1248 est,
728 1177 791 1233 otia
809 1176 905 1234 sentit
924 1194 1004 1250 ager,

262 1265 311 1322 Sic
329 1285 391 1323 non
409 1267 558 1324 formosae
577 1270 664 1325 cultu
683 1267 804 1323 nituere
823 1268 959 1338 puellae;

296 1357 337 1410 Et
355 1374 432 1428 quae
452 1357 587 1428 pulchra,
607 1357 713 1412 eadem
731 1355 883 1412 desidiosa
900 1355 969 1412 fuit.

261 1444 364 1499 Prima
382 1463 483 1501 meum
502 1452 594 1518 atque
614 1444 682 1502 aevi
700 1445 781 1501 sidus
800 1443 971 1515 spectabile
989 1444 1097 1512 nostri,

296 1532 428 1589 Tantum
448 1534 556 1601 animo,
576 1539 725 1606 quantum
743 1532 854 1605 Borgia
871 1532 972 1588 fronte
993 1533 1096 1590 micas:

259 1622 300 1676 Et
318 1621 375 1677 tibi
393 1640 463 1679 aum
480 1622 558 1678 facie
577 1641 640 1678 non
661 1628 761 1678 certet
779 1624 919 1694 Agenore
940 1629 1021 1692 nata,

295 1711 363 1765 Non
380 1711 497 1767 Helene
519 1712 610 1767 Idaeo
630 1718 718 1783 rapta
736 1712 877 1767 Lacaena
894 1711 980 1766 Pari:

261 1799 304 1856 'I'e
323 1806 426 1856 tamen
444 1801 477 1856 in
495 1801 605 1870 studia,
625 1810 657 1857 et
676 1802 782 1858 doctas
802 1801 937 1857 traducis
955 1802 988 1856 in
1006 1807 1098 1869 artes,
1156 1851 1162 1864 ,

295 1889 359 1944 Nec
377 1889 453 1945 sinis
471 1890 629 1962 ingenium
648 1891 806 1962 splendida
824 1891 922 1946 forma
939 1898 1067 1962 premat,

261 1977 330 2033 Sive
351 1978 447 2034 refers
465 1979 571 2051 lingua
589 1981 780 2036 modulatum
800 1997 923 2036 carmen
941 1981 1082 2047 Etrusca,

208 2138 215 2149 ι
296 2068 436 2123 Orederis
454 2071 584 2124 Etrusco
603 2075 677 2124 nata
694 2068 799 2139 puella
816 2069 890 2123 solo.

261 2157 321 2212 Seu
340 2158 457 2212 calamo
477 2158 581 2214 condis
600 2175 743 2214 numeros
762 2163 793 2212 et
811 2155 946 2211 carmina
963 2164 1095 2227 sumpto,

296 2247 354 2301 Illa
373 2264 484 2302 novem
502 2254 630 2317 possunt
648 2246 762 2316 scripta
780 2246 887 2301 decere
906 2249 995 2302 Deae.

260 2334 368 2389 Nablia
387 2352 450 2400 seu,
471 2334 678 2406 citharamque
697 2351 789 2389 manu
807 2351 986 2404 percurrere
1006 2335 1129 2404 eburna,

296 2425 337 2478 Et
355 2423 441 2479 varia
458 2424 589 2497 Ogygios
608 2429 672 2478 arte
693 2422 773 2478 ciere
792 2422 905 2490 modos,

260 2514 320 2568 Seu
339 2531 483 2570 revocare
501 2512 577 2568 Padi
595 2512 712 2568 vicinas
731 2511 872 2568 cantibus
891 2511 996 2578 undas,

294 2604 483 2660 Mulcentem
501 2602 585 2659 dulci
602 2601 728 2657 flumina
748 2607 837 2672 capta
854 2618 937 2668 sono,

260 2695 321 2750 Seu
338 2700 370 2750 te
389 2693 542 2749 nexilibus
556 2693 646 2764 juvat
663 2691 820 2763 indulgere
842 2689 968 2756 choreis,

296 2785 338 2838 Et
355 2781 440 2838 facili
458 2783 496 2837 ad
514 2798 675 2837 numerum
693 2779 871 2836 subsiluisse
890 2778 974 2849 pede,

261 2874 359 2940 Quam
378 2871 479 2937 timeo,
499 2889 538 2926 ne
557 2871 626 2943 quis
644 2875 786 2942 spectans
804 2868 879 2923 haec
899 2866 980 2922 forte
1001 2869 1142 2934 Deorum,

298 2965 341 3018 'Pe
360 2963 501 3035 praedam
520 2962 619 3018 media
637 2968 741 3033 raptor
758 2962 795 3015 ab
818 2977 886 3015 arce
906 2964 1001 3030 petat,

263 3052 487 3123 Sublimemque
508 3050 587 3105 ferat
606 3050 727 3107 levibus
745 3067 837 3121 super
854 3047 980 3103 aethera
998 3046 1111 3118 pennis

297 3142 416 3211 Detque
434 3138 507 3194 novi
525 3138 610 3193 caelo
629 3138 737 3193 sideris
757 3154 823 3193 esse
841 3138 947 3193 Deam.

261 3228 415 3301 Quidquid
434 3228 507 3298 agne,
527 3227 674 3300 quidquid
691 3226 833 3300 loqueris,
853 3225 995 3292 delectat,
1014 3231 1048 3280 et
1066 3242 1174 3283 omnes

296 3317 484 3372 Praecednnt
503 3316 648 3382 Charites,
667 3315 922 3387 subsequiturque
941 3316 1049 3369 Decor.

260 3409 327 3478 Ipse
348 3410 447 3462 Decor
465 3406 611 3477 sequitur,
631 3404 685 3461 sed
702 3404 730 3460 si
747 3403 837 3458 modo
854 3420 928 3458 vera
944 3400 1088 3463 fatemur,

295 3498 365 3551 Heu
385 3496 467 3562 mihi,
487 3513 578 3569 quam
597 3495 703 3551 multis
721 3499 769 3550 est
787 3494 879 3549 decor
896 3491 950 3548 ille
968 3491 1060 3551 malo.
