2550 4176
220 363 304 418 Idem
322 368 352 418 et
371 362 622 419 immensi‘maris
640 380 761 433 aequor,
782 361 862 419 idem

219 453 307 509 Aeris
326 452 408 510 vasti
426 453 524 524 spatia
543 459 574 508 et
589 452 722 524 jacentis

222 542 485 598 Intimum'terrae
503 543 652 614 gremium
671 543 816 614 fovesque

491 634 531 688 Et
549 633 625 690 seris
643 632 729 689 idem.

218 736 326 791 Omnia
345 755 382 792 ex
400 743 431 792 te
449 743 529 803 sunt,
549 755 645 809 genus
664 754 751 792 omne
767 755 822 809 per
840 743 870 792 te

216 825 366 896 Gignitur,
387 825 499 881 erescit
517 825 608 881 simul
627 832 660 881 et
677 833 834 898 perennat,

217 915 257 968 Et
276 913 333 969 tibi
352 920 515 986 assurgunt
534 933 658 970 nemora
677 921 708 970 et
727 914 782 971 tibi
801 915 912 971 herbae

505 1004 635 1059 Germen
656 1009 688 1059 et
706 1021 805 1059 omne.

218 1106 336 1161 Cuncta
354 1107 407 1161 sed
426 1112 457 1161 te
479 1124 548 1161 eum
568 1112 716 1162 verentur
735 1125 837 1174 unum,

219 1194 261 1248 Et
279 1212 365 1266 regas
385 1201 504 1267 cuneta,
524 1212 541 1250 ο
560 1202 646 1266 pater
665 1195 743 1250 alme
762 1213 873 1263 rerum,

219 1283 338 1339 Deseris
358 1302 409 1338 eur
429 1303 500 1339 nam
518 1283 766 1353 tibi-dedicatum

502 1374 621 1446 Vulgus
640 1375 818 1430 amantum?

219 1475 266 1528 'I'u
286 1475 393 1532 choros
413 1476 527 1546 primus
546 1493 747 1548 numerosque
766 1477 864 1531 nectis

221 1564 340 1619 Primus
360 1571 392 1619 et
411 1583 533 1620 carmen
551 1564 697 1620 meditare
718 1565 828 1634 nervia,

221 1652 356 1724 Negligis
375 1672 466 1725 quare
490 1654 546 1709 tibi
564 1654 720 1710 dedicatos

501 1745 599 1815 Asper
617 1743 772 1798 amantes?

218 1845 259 1898 Et
278 1842 335 1899 tibi
353 1850 401 1899 est
420 1861 517 1913 arcus,
538 1844 594 1899 tibi
613 1851 685 1899 sunt
704 1845 840 1916 sagittae,

219 1937 260 1989 Et
278 1952 364 1988 coma
382 1934 505 1990 intonsa
524 1940 556 1989 et
575 1936 699 2007 puerilis
718 1943 813 2005 aetna,

219 2025 358 2096 Despicis
377 2043 519 2079 curnam
539 2024 596 2080 tibi
615 2026 789 2083 dedicatum

503 2115 620 2169 Nomen
639 2116 816 2170 amantum?

218 2215 259 2269 'Pe
280 2215 387 2270 colunt
404 2214 495 2286 primi
513 2221 715 2287 metuuntque
735 2222 872 2271 amantes

218 2308 260 2360 Et
279 2311 368 2360 tuum
386 2303 476 2376 primi
495 2311 683 2361 venerantur
701 2311 827 2370 astrum,

217 2396 286 2450 Lux
305 2395 386 2451 enim
404 2395 466 2449 dux
488 2400 542 2460 est,
563 2393 645 2449 oeuli
665 2393 775 2448 educes
794 2400 867 2449 sunt

502 2484 567 2538 Fax
587 2489 619 2539 et
637 2490 801 2539 amantum.

199 2599 201 2604 '
218 2588 301 2655 Quin
319 2606 423 2642 amans
440 2587 555 2658 primus
576 2587 701 2643 choreas
720 2587 876 2659 lyramque

218 2677 346 2733 Carmen
365 2682 488 2731 exercet
506 2693 626 2748 quoque
646 2675 763 2746 primus
784 2676 874 2747 idem,

218 2767 294 2822 Nam
312 2767 392 2837 lyra,
412 2771 442 2820 et
461 2782 583 2820 carmen
602 2765 780 2837 numerique
802 2764 898 2819 amori

500 2854 616 2910 Pabula
634 2855 789 2926 praebent.

219 2961 332 3014 Doctor
351 2965 383 3012 et
400 2957 541 3029 princeps
562 2956 686 3012 choreae
708 2962 738 3010 et
757 2955 902 3028 magister

220 3045 376 3116 Carminis,
396 3046 451 3112 sol,
470 3047 610 3117 hoenge,
630 3046 692 3100 dux
712 3052 876 3112 amantum,

218 3136 286 3189 Hoe
306 3153 361 3206 age
382 3141 414 3190 et
435 3153 539 3190 euram
560 3135 617 3189 tibi
635 3133 792 3189 dedicatae

501 3222 624 3294 Suscipe
645 3222 755 3295 gentis,

180 3385 181 3389 ,
219 3326 338 3399 Quique
357 3327 528 3399 liquentem
548 3343 618 3381 aera
638 3325 748 3398 quique
769 3318 881 3379 falsum

218 3417 340 3486 Aequor
358 3415 505 3482 accendis,
528 3413 702 3485 vitreasque
722 3412 817 3478 sedes,

218 3505 263 3558 Ae
283 3503 367 3559 sinus
385 3509 484 3558 terrae
504 3503 645 3576 gravidos
664 3509 809 3571 satusque

501 3591 632 3649 Calfaois
653 3608 765 3656 omnes,
