2550 4176
154 311 206 364 166

170 416 285 470 Forsan
304 418 336 468 et
354 413 480 469 alterius
498 414 623 485 placidis
642 418 829 488 amplexibus
847 418 963 484 haercS,

204 506 246 559 Et
265 502 394 560 Veneris
412 509 516 575 gratae
535 504 623 559 dulce
643 505 771 581 resolvis
791 524 875 578 opus,

168 594 205 648 In
224 612 270 648 me
289 600 533 665 nocturnumque
551 595 655 664 gelum
674 601 705 650 et
724 603 874 651 nocturna
892 596 1004 666 pruina

203 681 313 748 Saevit,
333 686 365 736 et
383 679 487 737 effusis
505 680 624 737 defluus
642 682 738 738 imber
756 683 857 755 aquis3

168 771 252 841 Nam,
271 788 325 826 seu
343 770 523 842 praecipites
542 771 731 828 descendunt
750 778 818 830 aere
836 773 940 841 nimbi,

204 857 273 913 Sive
293 857 446 929 pruinosis
465 876 538 914 arva
557 859 658 930 rigent
676 859 806 927 nivibus,

168 950 298 1004 Aeratos
316 965 400 1003 servo
419 953 522 1018 postes
540 947 701 1021 pigrosque
720 953 912 1018 Decembres,

203 1036 354 1094 Insomnis
373 1036 456 1092 duris
474 1037 610 1092 sustineo
629 1038 779 1110 gradibus.

168 1130 208 1183 Et
226 1144 337 1199 queror
355 1133 388 1182 et
405 1127 547 1199 lacrymis
567 1113 722 1184 collucent
739 1128 846 1185 limina
863 1131 987 1188 nostris.

204 1216 283 1288 (Heu
303 1217 413 1272 misera
431 1216 557 1272 immitis
575 1217 694 1272 viscera
713 1224 837 1292 torquet
855 1220 970 1292 Amor.)

167 1307 208 1362 Et
227 1325 347 1379 queror,
367 1313 399 1361 et
417 1307 568 1378 lacrymas
586 1305 704 1361 incerto
723 1307 844 1363 flamine
861 1314 974 1365 ventus

203 1396 372 1451 Tansiliens
391 1395 498 1451 molles
517 1401 619 1466 portat
640 1395 672 1449 in
691 1396 859 1453 Armenios.

167 1489 216 1544 Sic
234 1506 334 1559 pereo,
354 1490 427 1552 Dea,
446 1486 490 1542 sic
509 1486 597 1542 miles
617 1493 689 1542 tuus
708 1487 809 1543 acrius
827 1505 913 1542 uror:

202 1575 310 1647 Arrige
324 1576 387 1648 jam
405 1577 443 1630 ad
462 1581 595 1630 nostram
614 1593 719 1630 aurem
736 1576 917 1632 Amathunti
936 1595 1053 1647 preces.

170 1666 312 1720 Securum
331 1664 455 1721 Ghlorin
474 1663 568 1719 tereti
588 1663 705 1735 confige
724 1664 836 1733 dolore,

202 1756 243 1809 Et
259 1771 361 1825 preme
381 1753 537 1824 supposito
555 1753 651 1808 libera
670 1754 761 1809 corda
778 1754 862 1826 pede.

166 1844 284 1900 Sentiat
302 1843 357 1900 illa
374 1860 457 1898 meos
476 1849 587 1908 aestus
606 1842 796 1916 suspiriaque
815 1843 890 1898 ima:

201 1931 333 1988 Hauriat
351 1931 537 2003 intrepidum
555 1931 668 2002 pallida
687 1950 760 1987 cura
776 1933 865 1988 latus.

166 2023 231 2077 Aut
249 2038 297 2076 me
315 2039 377 2076 non
395 2038 491 2092 aequo
511 2020 733 2092 quamprimum
750 2019 832 2078 fasce
851 2021 961 2088 levato,
998 2079 999 2082 ,

202 2112 266 2165 Aut
283 2109 369 2164 illam
387 2108 510 2180 paribus
528 2126 583 2164 ure
603 2108 801 2181 cupidinibus.

168 2199 297 2256 Interim
315 2200 390 2254 habe
409 2199 519 2266 fumos,
539 2205 571 2254 et
590 2199 707 2254 olentes
726 2200 851 2255 baccare
869 2199 1015 2271 flammaS,

201 2291 287 2346 Haec
306 2307 380 2360 cape
399 2287 559 2359 purpureis
577 2288 644 2343 lilia
664 2308 732 2345 cum
751 2288 853 2347 violis.

607 2496 660 2550 1v.

542 2613 725 2683 Peneus

487 2735 664 2788 (Strumatnm,
681 2735 730 2780 Lib
743 2736 778 2789 ιι.)

271 2894 403 2951 Umbrae
424 2895 558 2951 altorum
575 2895 693 2967 gelidae
711 2915 879 2965 nemorum,

270 2983 391 3040 Virides
408 2983 491 3051 rami,
510 3003 564 3056 per
583 3003 659 3055 quos
676 2985 785 3058 pictae,

271 3076 419 3132 Volucres
439 3083 547 3132 cantus
566 3078 680 3133 iterant
698 3079 809 3146 varios,

270 3167 331 3221 Per
349 3184 425 3237 quos
444 3167 577 3240 Zephyri
595 3169 715 3226 mobilis
735 3188 810 3225 aura

270 3254 428 3326 Crepitans
447 3255 555 3313 faciles
575 3257 660 3314 ducit
679 3277 806 3328 somnos,

271 3343 368 3400 Vitrei
386 3344 494 3415 ionice,
513 3347 566 3416 qui
584 3349 738 3418 perlaeta

272 3433 415 3488 Gramina
431 3433 527 3491 fluitis
546 3454 698 3493 murmure
717 3457 817 3507 rauco,

269 3523 409 3577 Resonae
427 3524 531 3591 vallae,
552 3543 628 3597 quae
648 3526 801 3596 praebetis

270 3611 383 3673 Lustra
399 3610 473 3671 feris
490 3611 647 3671 horrentia
664 3613 785 3689 rapidis,
