2550 4176
76 398 198 466 Italiae,
217 397 396 473 populisque
417 399 482 466 Dei,
504 418 561 455 neo
581 405 611 455 te
629 405 732 454 tamen
752 392 858 469 ingens

80 493 178 546 Terra
197 489 285 560 capit.
324 490 400 544 Toto
417 489 562 560 juvenem
581 495 628 543 tot
647 487 803 559 plausibus
823 487 893 540 orbe

77 581 261 648 Exceptum,
283 583 385 632 tuate
404 577 510 647 pietas,
531 583 586 631 tua
604 576 734 630 maxima
752 573 851 629 virtus

77 668 120 720 In
139 666 259 722 coelum
278 665 372 734 vehit,
392 672 422 720 et
441 671 540 720 temne
559 665 611 720 dat
630 681 772 735 spernere
791 662 937 715 honores:

78 757 146 810 Dat
165 762 361 810 contemnere
382 771 454 823 opes
472 753 587 824 unique
607 751 782 807 incumbere
802 749 930 821 Olympo

77 847 129 899 Ac
149 843 222 899 solis
242 843 389 899 Divorum
409 842 507 912 epulis
528 849 560 897 et
578 848 701 897 nectare
721 839 812 913 pasci.

75 935 167 989 Haec
185 933 237 988 ubi
255 939 404 1004 perpetuo
425 931 561 987 cantavit
580 930 721 998 carmine,
743 937 773 983 et
792 945 896 983 omnes

75 1023 277 1092 Respondent
296 1023 358 1076 late
377 1039 476 1091 rupes
497 1026 571 1074 tuno
592 1018 729 1074 concitus
748 1023 849 1073 oestro

77 1109 230 1178 Fatidicoff
249 1111 418 1181 plenusque
437 1111 511 1180 Deo,
530 1107 676 1163 Davidioa
694 1113 781 1162 vates

74 1200 148 1269 Ipse
168 1198 260 1254 etiam
279 1205 366 1269 pater
384 1198 534 1267 interpres
554 1196 677 1250 oracula
696 1195 800 1262 solvit,

74 1287 197 1358 Dignus
216 1287 269 1358 qui
288 1293 357 1342 ante
378 1303 483 1340 omnes
504 1285 650 1340 citharam
669 1290 836 1354 pertractet
857 1286 1002 1339 eburnam

76 1375 177 1440 Quam
196 1375 347 1447 quondam
366 1376 506 1447 Solymus
526 1379 670 1444 stupuere
691 1389 837 1444 arcesque
858 1372 966 1428 Sionis.

561 1708 606 1758 ΙΙ.

508 1861 658 1926 HIEMS

457 1999 617 2051 (Cerminnm
642 1999 708 2044 Lib.l

254 2159 304 2231 Ao
323 2159 475 2214 Joennnn
495 2160 679 2216 Baprrsran
700 2161 898 2218 Tonnmnun.

149 2294 289 2366 Frigidus
309 2299 341 2348 at
360 2294 445 2350 silvis
464 2295 576 2367 Aquilo
595 2295 620 2350 si
639 2294 812 2363 increverit,
833 2303 888 2351 aut
906 2297 932 2352 si

148 2383 278 2438 Hiberni
296 2383 408 2453 pluviis
427 2384 644 2439 descendente
665 2384 796 2440 nubibus
815 2385 933 2452 imbres

151 2473 213 2526 Nos
231 2472 341 2527 habeat
361 2475 474 2537 domus,
495 2479 526 2527 et
545 2474 641 2528 multo
659 2474 706 2527 lar
724 2474 827 2529 luceat
846 2473 925 2544 igne.

156 2559 255 2631 llpilio
275 2561 432 2631 ingentem
450 2568 505 2616 aut
522 2561 635 2633 fagum,
655 2563 705 2617 vel
724 2562 841 2618 scissile
862 2563 953 2617 robur

150 2647 294 2717 Sufficiat,
314 2655 380 2705 tum
399 2668 460 2718 voe,
482 2649 562 2704 clero
583 2652 703 2720 quando
721 2651 791 2721 igne
810 2650 926 2719 soletis

148 2737 298 2808 Juniperi,
317 2757 428 2795 suaves
447 2738 561 2794 circum
580 2738 748 2795 diffundere
770 2740 883 2807 odores

154 2823 195 2875 Et
212 2840 274 2890 voe,
294 2823 457 2895 Palladiae,
476 2823 604 2878 fiammis
623 2822 765 2896 imponat,
786 2824 894 2879 olivae.

148 2912 228 2965 Ante
247 2911 351 2966 focum
370 2912 425 2967 tibi
444 2930 556 2978 parvus
575 2913 634 2967 erit
653 2913 707 2984 qui
725 2913 820 2977 ludat,
840 2913 943 2982 Julus,

45 3012 48 3017 ·
153 2999 322 3055 Blanditias
340 2999 427 3069 ferat,
448 3008 479 3055 et
498 3001 630 3056 nondum
650 3001 824 3056 constantia
843 3002 943 3057 verba.

149 3087 217 3157 Ipse
237 3089 336 3159 legam
354 3089 457 3161 magni
475 3096 577 3144 tecum
596 3097 791 3145 monumenta
810 3089 952 3144 Maronis.

148 3178 171 3232 Ο
190 3176 362 3235 fortunatos
381 3179 516 3247 nimium,
536 3180 562 3235 si
580 3179 644 3234 fata
663 3181 744 3250 quod
762 3179 832 3235 aevi

83 3341 96 3356 .
148 3265 210 3320 Nos
231 3274 342 3335 manet,
361 3268 439 3324 hano
459 3287 521 3324 una
539 3270 679 3325 dederint
697 3271 862 3340 producere
884 3268 994 3324 vitam!
