2550 4176
158 300 210 357 194

153 407 223 458 XII.
258 404 327 455 .Ad
343 405 484 456 Foeillem
493 443 968 462 .............
980 425 1045 477 pag.
1101 411 1132 464 23

153 482 241 534 XIII.
258 519 264 533 .
281 483 326 533 Ad
343 483 376 532 P.
391 483 602 534 Summontium
648 519 1047 537 ...........
1117 520 1131 547 „

60 574 63 578 ’
153 557 233 609 XIV.
261 559 331 608 .Ad
349 558 453 608 solem.
487 592 493 606 .
526 594 532 608 .
565 548 576 608 .’
603 594 1044 613 ............
1101 560 1133 611 24

153 628 216 686 XV.
256 634 328 685 .Ad
344 634 463 685 amicam
485 672 1045 688 ...............
1102 637 1133 686 26

154 709 231 760 XVI.
259 711 330 760 .Ad
345 710 465 761 Stellam
492 747 498 760 .
530 748 536 761 .
568 739 577 762 .-
608 746 1046 764 ............
1102 711 1132 761 27

153 784 264 835 XVII..
280 785 361 845 Quo'd
372 787 423 838 die
439 786 570 838 nimboso
587 785 678 839 Stella
694 792 763 838 neta
779 787 818 836 sit
843 821 1045 837 ......
1118 820 1131 846 ‚,

155 858 268 910 XVIII.
277 860 323 909 Ad
339 860 459 911 Stellam
460 895 1045 911 ................
1101 858 1134 908 28

327 990 416 1042 ΤΙΤΟ
433 989 667 1072 vusuusmuo
684 989 856 1041 STROZZI:

159 1092 182 1143 Ι.
214 1130 220 1142 .
254 1091 399 1152 .Quando
417 1091 556 1141 Anthium
574 1105 669 1140 emere
686 1090 813 1155 coeperit
815 1122 1048 1140 .......
1103 1088 1133 1137 30

157 1168 196 1219 Π.
213 1205 219 1218 .
252 1204 259 1216 .
276 1168 319 1218 De
337 1167 466 1218 discessu
481 1165 608 1216 Anthiae
625 1182 661 1217 ex
678 1167 811 1216 Ferraria

158 1242 214 1294 III.
254 1279 260 1292 .
277 1243 323 1293 Ad
340 1243 480 1293 annulum
497 1243 532 1292 ab
549 1241 642 1291 amiea
659 1241 757 1292 datum
764 1274 1047 1291 ........

156 1318 222 1371 IV..
254 1319 390 1370 .Laudat
405 1318 567 1369 Ferrariam
578 1350 1043 1368 .............

332 1446 486 1498 ANuuuo
502 1444 724 1499 POLIZIANO:

156 1552 181 1602 1.
212 1588 219 1601 .
251 1551 311 1601 ‚In
327 1549 472 1614 picturam
489 1549 604 1615 puellae
613 1582 1044 1599 ............
1102 1545 1131 1596 te

157 1628 221 1678 Π..
254 1626 312 1675 .In
328 1625 515 1676 simonettam
532 1656 1049 1674 ..............
1119 1656 1130 1680 ,,

157 1704 214 1752 III.
254 1701 531 1763 .1nerys000mum
541 1732 1049 1753 ..............
1103 1697 1132 1747 40

158 1778 223 1830 IV..
256 1779 316 1828 .In
332 1777 424 1828 violas
456 1806 1048 1829 ................
1118 1807 1129 1831 „

157 1855 222 1906 V..
252 1855 311 1904 .In
328 1853 477 1904 Albieram
494 1851 634 1903 Albitiam
647 1884 929 1901 ........
961 1861 968 1875 ·
1002 1882 1009 1896 .
1040 1881 1048 1896 .
1102 1847 1132 1895 42

159 1931 224 1982 VI..
255 1930 315 1979 .In
331 1928 459 1991 Lalagen
468 1957 1047 1978 ................
1102 1922 1131 1971 50

160 2005 224 2056 VII.
257 2005 325 2055 .Ad
341 2004 545 2053 Innocentium
562 2003 644 2052 Pont.
661 2000 730 2051 Max
732 2033 1049 2050 .........
1104 1998 1133 2047 51

159 2081 265 2132 VII..I
282 2079 327 2129 Ad
343 2081 534 2131 Iuventutem
545 2107 1049 2128 ..............
1105 2074 1134 2124 et

331 2208 474 2263 JAOOPO
491 2206 758 2259 SANNAZZARO.

160 2310 184 2360 1.
215 2346 222 2360 .
255 2309 325 2360 .Ad
341 2308 462 2360 amieam
463 2340 1049 2360 ................

162 2385 226 2435 II..
257 2386 317 2435 .In
332 2386 470 2436 Dominae
488 2384 624 2435 Natalem
646 2417 1047 2435 ...........

159 2459 217 2510 III.
257 2461 325 2511 .Ad
342 2463 442 2512 ruinas
458 2462 612 2512 eumarum
614 2491 1048 2510 ············
1104 2456 1133 2505 58

159 2537 228 2587 IV..
259 2537 328 2588 .Ad
344 2538 453 2589 Villem
469 2537 673 2602 Mergellinam
690 2567 1051 2587 ..........
1105 2530 1135 2582 te

161 2613 193 2664 V.
221 2651 227 2664 .
259 2613 425 2665 .Oalendae
442 2612 514 2680 Meji
532 2643 1050 2665 ..............
1105 2609 1134 2660 60

162 2689 230 2739 VI..
261 2689 330 2740 .Ad
347 2689 454 2740 NInam
492 2719 1049 2740 ...............
1106 2684 1134 2736 el

160 2762 227 2815 VIl.
260 2765 320 2814 .In
336 2764 482 2815 tumulum
499 2765 612 2815 Laurae
629 2763 750 2829 puellae¹
768 2795 1049 2813 ........
1104 2759 1134 2810 62

160 2840 245 2894 VIII.
263 2876 269 2890 .
284 2841 322 2896 In
338 2856 477 2904 gemmam
493 2853 574 2891 suam
576 2871 1053 2892 .............
1123 2868 1134 2895 ῃ

162 2918 229 2968 ΙΧ..
262 2917 331 2967 .Ad
346 2917 467 2968 emieam
469 2949 1051 2969 ................
1106 2915 1135 2966 63

161 2994 197 3043 X.
221 3028 228 3042 .
260 2993 326 3044 .De
343 2992 424 3042 fonte
440 2993 629 3057 Mergellines
650 3023 1051 3044 ...........
1121 3022 1133 3048 „

332 3126 474 3178 PIETRO
490 3125 637 3177 BEMBO:

85 3245 87 3249 ·
161 3231 186 3280 I.
217 3267 224 3280 .
255 3230 325 3280 .Ad
340 3227 505 3280 Lucretiam
522 3228 657 3293 Borgiem
658 3261 1053 3280 ...........
1107 3225 1136 3277 65

162 3306 225 3356 Π..
258 3341 264 3355 .
283 3304 417 3367 Hymnus
432 3303 465 3354 in
481 3301 589 3354 Divum
605 3304 780 3368 Stephanum
802 3335 1051 3354 .......
1107 3300 1135 3350 6'1

334 3437 527 3492 LODOVIOO
544 3436 724 3488 ARIOSTO:

162 3541 185 3591 Ι.
218 3578 224 3591 .
256 3541 326 3592 .Ad
341 3539 492 3591 Philiroen
494 3569 1049 3590 ...............
1106 3533 1136 3585 70

163 3617 228 3668 ΙΙ..
260 3617 468 3668 .DeEulalia.
495 3644 1051 3667 ...............
1106 3606 1136 3659 'll
