2550 4170
584 404 665 458 XVI.

464 552 532 620 AD
555 553 773 621 STELLAM

501 694 630 748 (Eridani,
647 695 703 740 Lib.
714 695 742 747 r.)

150 859 227 914 Cum
246 865 396 926 tenerum,
416 878 486 915 cum
504 860 595 916 dulce
618 860 735 932 aliquid
753 860 957 932 blandumque
974 860 1086 932 jocaris

186 950 235 1006 Ah
254 951 353 1006 medio
374 951 449 1006 mihi
468 957 535 1008 tum
555 952 643 1006 corde
663 951 808 1024 liquescit
826 968 918 1006 amor.

150 1040 239 1109 Spem
259 1037 333 1094 mihi
353 1057 422 1094 cum
441 1046 473 1095 et
494 1038 611 1111 cupidis
630 1056 736 1111 pacem
754 1039 909 1111 promittis
927 1041 1042 1110 ocellis,

184 1129 252 1183 Lux
271 1127 369 1183 oculis
388 1128 453 1183 solo
473 1145 599 1199 corpore
619 1144 728 1184 sensus
747 1127 818 1183 abit.

149 1217 225 1272 Cum
243 1217 332 1284 rideS,
352 1216 512 1290 ignemque
534 1217 639 1285 oculis,
659 1218 810 1290 vultuque
827 1217 943 1292 fateriS,

184 1307 272 1361 Mens
290 1306 435 1377 animum,
455 1307 520 1379 ipse
539 1307 659 1363 animus
677 1313 802 1379 pectore
825 1305 976 1363 destituit.

149 1395 302 1465 Amplexu
317 1396 389 1468 jam,
408 1397 512 1464 Stella,
531 1403 585 1453 tuo
605 1414 748 1453 succurre
770 1395 899 1462 cadenti,

183 1486 241 1540 Ore
261 1484 397 1542 animum
415 1492 447 1542 et
466 1485 571 1542 foveas
590 1505 701 1559 oreque
721 1488 815 1543 redde
835 1486 974 1543 animam.

570 1767 669 1828 XVII.

156 1926 282 2004 QUOD
307 1927 389 1994 DIE
414 1928 446 1992 N
449 1913 624 1995 IMBOSO
647 1927 828 1995 STELLA
852 1927 982 1996 NATA
1005 1928 1077 1995 SIT

494 2070 625 2126 (eridani,
645 2073 702 2118 nie.
712 2073 740 2126 1.)

179 2225 257 2280 Mira
276 2227 358 2294 fides,
378 2228 494 2299 periere
515 2246 612 2298 rosae,
633 2232 770 2288 cecidere
789 2231 946 2306 hyacinthi

214 2318 255 2371 Et
274 2316 382 2388 violae,
401 2318 497 2374 nullis
517 2327 565 2376 est
585 2321 676 2377 decor
697 2322 862 2379 arboribus.

179 2407 247 2461 Nou
266 2409 404 2482 zephyris
422 2417 472 2466 est
490 2413 570 2469 veris
588 2413 691 2480 honos,
709 2413 767 2469 bac
786 2414 867 2470 luxit
886 2414 986 2470 Adoni

213 2499 297 2553 Luce
315 2500 421 2557 Venus
440 2501 559 2559 miseris
578 2504 702 2559 decolor
721 2505 868 2576 exequiis.

176 2587 244 2640 Hac
263 2585 399 2644 Charites
417 2605 542 2646 secuere
562 2609 664 2663 genas,
684 2594 805 2649 vulsera
825 2592 969 2665 capillum

213 2676 253 2730 Et
272 2676 429 2748 Nymphae
448 2679 574 2736 moestis
593 2680 770 2752 ingemuere
789 2681 892 2738 modis.

176 2762 224 2815 En
242 2779 365 2818 rursum
383 2765 513 2821 rubuere
534 2784 628 2834 rosae,
649 2767 772 2824 nituere
791 2767 958 2841 hyacinthi,

211 2852 252 2905 Et
270 2851 380 2922 violae,
400 2853 464 2924 ipse
483 2873 555 2912 suos
576 2863 622 2912 est
642 2857 732 2912 decor
750 2857 914 2913 arboribus.

175 2944 223 2996 En
240 2943 380 3016 zephyris
399 2953 446 3000 est
465 2945 547 3002 veris
567 2947 671 3021 honos,
693 2948 750 3002 hac
769 2947 859 3004 fulsit
878 2948 910 3002 in
930 2954 1000 3003 ortu

209 3032 306 3088 Stella
324 3033 373 3089 die
392 3035 508 3090 auratis
529 3037 672 3093 concolor
691 3055 709 3092 a
727 3037 827 3108 radiis,

173 3122 240 3175 Hac
260 3122 397 3180 Charites
415 3123 541 3195 pinxere
559 3143 660 3196 genas,
681 3144 837 3198 compsere
858 3126 1001 3198 capillum

209 3212 250 3265 Et
269 3212 424 3284 Nymphae
443 3219 565 3270 teneros
585 3215 767 3271 concinuere
787 3215 899 3272 modos.

173 3300 268 3355 Laeta
288 3302 391 3357 Venus
410 3309 602 3374 renovatque
621 3303 704 3360 faces
724 3312 874 3375 natusque
895 3306 1050 3377 saggittaS,

208 3392 250 3445 Et
268 3408 348 3445 nova
366 3391 402 3446 de
421 3392 561 3448 manibus
580 3393 709 3448 vulnera
728 3401 859 3468 uterque
876 3395 961 3466 jacit.

172 3478 254 3533 Hinc
273 3485 376 3534 tamen
394 3486 521 3536 eventus
539 3481 629 3536 licuit
647 3488 785 3552 spectare
806 3484 936 3550 futuros

208 3575 288 3630 Ecce
307 3575 379 3630 ades
396 3577 538 3646 erumnis,
559 3579 653 3634 Stella
672 3594 789 3644 serena,
809 3578 892 3633 meis.
