2550 4176
715 421 759 474 11.

401 566 528 643 QUOD
552 565 678 633 DUAS
700 564 913 632 PARITER
934 564 1069 632 ΑΜΕΤ

587 707 812 761 (epigrammaton
826 707 893 761 Lib.)

268 868 316 922 An
336 865 411 920 mihi
430 885 500 921 cara
518 868 600 937 Nape
621 866 737 937 magis?
755 885 795 921 an
814 886 901 939 mage
920 885 990 922 cara
1008 868 1147 923 Neaera?

300 956 377 1011 Gara
396 951 478 1026 Nape
497 956 572 1010 mihi
591 962 645 1024 esa,
666 975 736 1010 cara
753 957 871 1011 Neaera
890 956 971 1011 mihi.

266 1045 402 1116 Utraque
424 1063 492 1099 cara
512 1063 607 1117 aeque
628 1051 681 1114 est,
701 1046 764 1116 ipse
786 1064 881 1117 aeque
901 1065 989 1102 carus
1007 1047 1141 1119 utrique,

298 1132 363 1202 Illa,
384 1133 434 1187 vel
453 1131 507 1187 illa
526 1133 601 1188 meis
622 1133 722 1188 carior
741 1140 788 1189 est
808 1133 928 1188 oculis

262 1222 350 1276 Nunc
370 1240 426 1292 ego
446 1228 530 1277 totus
549 1223 581 1277 in
599 1224 656 1278 hac
675 1223 755 1293 vivo,
774 1242 857 1278 nunc
876 1229 960 1278 cocus
980 1222 1011 1278 in
1030 1224 1092 1294 illa,

298 1311 377 1366 Vivo
397 1312 428 1369 in
447 1319 576 1385 ucraque
596 1313 694 1383 simul,
715 1320 844 1385 utraque
864 1313 907 1367 mi
924 1331 985 1367 una
1005 1314 1109 1370 eadem
1130 1322 1182 1372 esa

262 1400 353 1455 Basia
367 1401 471 1474 junge,
489 1404 620 1473 Neaera;
638 1405 721 1474 Nape
741 1420 860 1476 quoque
878 1404 969 1458 Basia
983 1404 1101 1475 junget,

298 1491 451 1564 Quodque,
471 1494 564 1563 Nape,
583 1492 710 1559 dederis,
731 1494 836 1564 pulcra
854 1492 971 1547 Neaera
990 1493 1080 1549 dabit.

703 1757 764 1809 ΙΙΙ.

336 1902 399 1966 DE
424 1899 590 1967 AMORE
615 1901 895 1970 OSOULANTE
919 1901 1125 1969 LAURAM

531 2005 596 2047 eUM
614 2005 745 2045 MATREM
763 2005 929 2046 OREDERNT

571 2115 803 2171 (epigrammaton,
819 2118 885 2171 Lib.)

260 2276 346 2333 Vidit
365 2295 449 2331 amor
468 2278 607 2348 Lautam,
627 2284 659 2333 et
679 2284 806 2334 matrem
825 2285 909 2335 ratus
928 2279 1034 2333 oscula
1048 2277 1153 2350 junxit

296 2368 407 2422 Oscula
426 2385 502 2440 quae
524 2367 614 2423 misto
633 2372 737 2424 toxica
755 2369 846 2425 melle
865 2365 980 2438 ferunt,

260 2456 347 2512 Ussit
367 2463 398 2511 ec
416 2457 539 2526 exarsit,
558 2456 758 2530 flammaeque
776 2459 858 2514 haud
876 2477 988 2529 gnarus
1006 2459 1150 2513 acerbum

295 2545 398 2601 Flevit
417 2552 447 2601 et
466 2545 498 2599 in
516 2547 658 2617 pharetra
677 2548 805 2603 credidit
825 2565 890 2603 esse
910 2549 1002 2603 dolos.

260 2634 422 2690 Convolvit
442 2636 580 2691 calamos.
600 2636 712 2692 Nullus
730 2655 807 2707 reue,
826 2639 873 2706 ah,
892 2656 953 2710 rea,
971 2637 1048 2694 dixit

294 2726 401 2795 Mater,
420 2724 452 2780 in
470 2725 528 2780 hoc
547 2725 662 2782 omneis
680 2727 807 2782 vulnere
827 2744 859 2782 es
878 2728 945 2784 ulta
962 2726 1052 2784 faces.

698 2990 752 3042 1v.

420 3133 486 3202 AD
500 3135 793 3204 LUORETIAM
815 3135 1035 3206 BORGIAM

575 3239 879 3282 GENETHLIAOON

597 3350 762 3404 (elegiarum
775 3349 852 3403 Lib.)

186 3515 187 3519 ’
254 3509 358 3577 Audit,
377 3509 415 3578 io,
434 3512 556 3567 tandem
573 3510 701 3584 populos
719 3509 838 3567 Lucina
856 3515 1028 3581 precantes,

295 3597 399 3670 Audit,
420 3599 450 3656 io
470 3617 608 3658 summus
626 3600 749 3674 publica
767 3604 841 3658 vota
858 3604 952 3672 pater.
