2550 4176
568 397 612 447 11.

418 537 557 604 VITA
589 540 752 609 SENIS

467 671 630 726 (carminum
644 676 711 729 Lib.)

151 835 197 890 Sit
216 833 290 889 mihi
309 851 387 906 quae
406 834 505 889 niteat
523 834 630 891 domus
649 841 680 891 et
699 836 752 908 qui
769 835 879 893 floreat
897 839 1012 905 hortae,

188 924 375 1001 Conditaque
396 923 513 994 exiguis
532 924 605 979 vina
623 926 755 980 Falerna
768 926 859 981 cadis·

152 1014 194 1068 Et
211 1014 287 1084 dape
307 1032 368 1067 non
387 1020 489 1084 empta
508 1030 628 1068 meeum
648 1020 812 1070 contentus
832 1014 956 1083 amicus,

188 1104 340 1159 Laudibus
360 1104 489 1159 extollat
507 1103 589 1158 facta
608 1111 733 1159 vetusta
751 1121 855 1160 senex.

152 1193 283 1248 Lumina
301 1211 363 1248 non
374 1210 509 1264 unquam
524 1193 636 1248 condat
649 1193 722 1247 mihi
742 1211 867 1250 somnus
888 1194 924 1249 ad
937 1192 1048 1266 ignem,

186 1285 267 1338 Dum
285 1300 373 1339 verso
393 1281 483 1352 patrii
501 1282 601 1336 nobile
621 1282 701 1339 vatis
721 1301 805 1354 opus.

144 1371 246 1441 -Inque
266 1369 336 1425 sinu
354 1369 472 1437 ludens,
491 1369 604 1424 teneris
623 1369 698 1424 mihi
717 1371 797 1425 oolla
815 1371 943 1428 lacertis

186 1459 337 1530 Implicet,
356 1476 391 1513 ao
411 1457 487 1514 libet
505 1459 650 1529 parvulus
670 1477 723 1514 ora
740 1476 848 1529 nepos:

150 1548 269 1618 Detque
290 1547 365 1602 mihi
383 1547 519 1619 requiem
536 1547 695 1603 nocturnis
713 1548 848 1603 lectulus
867 1548 960 1619 horis,

184 1637 225 1691 Et
244 1636 379 1692 volucris
397 1636 496 1692 laetos
514 1636 579 1692 sole
599 1635 716 1692 oriente
736 1638 850 1693 modos.

150 1725 232 1782 Hine
251 1725 349 1798 fugiat
368 1726 489 1782 morbus
508 1727 595 1781 nulla
612 1724 757 1782 sanabilis
776 1733 851 1794 arte,

187 1815 232 1870 Sit
250 1815 337 1870 dolor
350 1816 425 1872 hino
444 1815 560 1881 leteris,
581 1815 622 1870 sit
640 1833 761 1888 quoque
782 1834 856 1871 oure
875 1818 989 1888 procul.

149 1904 213 1958 Neo
232 1904 307 1958 mihi
324 1922 409 1959 mens
428 1922 562 1976 unquam
580 1905 761 1974 languescat
780 1905 902 1961 conseia
919 1905 1005 1973 resti,

184 1993 278 2050 Vivat
298 1999 329 2049 et
345 1998 504 2048 aeternum
523 1993 639 2047 firmior
657 1994 737 2049 alme
755 1994 838 2060 fides,

149 2081 195 2136 Sit
213 2088 262 2138 tot
280 2083 359 2138 dona
378 2082 445 2138 seni
463 2082 580 2137 dederit
598 2082 673 2137 mihi
691 2090 793 2140 rector
812 2083 934 2159 Olympi

185 2173 340 2244 Optandee
358 2172 461 2243 magni
478 2189 539 2227 non
558 2171 632 2227 mihi
649 2172 729 2244 regis
749 2191 829 2244 opes.
