2550 4176
1024 280 1076 336 139

157 385 249 442 Ferte
268 385 374 455 nefas3
396 391 500 441 nostro
520 404 670 458 nusquam
689 393 877 442 memoretur
895 387 926 441 in
945 389 1025 443 orbe.

162 475 251 542 Quod
270 492 360 542 mare,
382 493 458 546 quae
479 476 571 529 tellus
592 482 768 546 portentum
788 477 848 531 tale
872 476 999 531 feretis?

162 567 254 620 Ferte
273 564 379 635 procul
398 566 484 620 nulla
502 583 637 634 unquam
656 565 814 637 relligione
833 565 986 636 piandum.

158 654 282 710 Scilicet
300 653 338 708 iis
359 672 412 724 per
431 655 512 726 quod
528 653 666 725 jucunda
684 656 752 711 luce
767 655 887 725 frueris,

159 745 274 799 Lucem
294 743 409 798 adimas
429 742 567 814 ingratus
587 754 617 798 et
636 744 709 798 almi
727 743 856 800 luminis
874 761 973 812 usum,

159 832 278 903 Eripias
297 850 351 903 per
370 849 445 903 quos
464 834 578 886 almum
598 831 654 887 tibi
673 834 776 887 lumen
797 834 936 887 obortum
955 835 1026 889 est?

159 920 208 975 Ah
226 920 299 973 mihi
317 937 355 974 ne
374 927 494 975 tantum
513 921 553 975 sit
573 922 709 990 credere3
729 922 855 976 barbara
875 921 965 977 corda

160 1009 219 1065 Vix
238 1009 362 1080 capiunt
380 1010 481 1081 Grajis
500 1030 554 1083 per
572 1011 679 1076 ludum
699 1011 825 1065 inventa
844 1011 956 1080 poetis;

158 1100 196 1153 In
213 1105 321 1170 gnatos
340 1117 433 1170 quum
452 1105 557 1156 tantus
575 1118 666 1168 amor,
685 1117 779 1171 quum
797 1104 884 1154 tanta
902 1105 1062 1170 parentum

157 1186 204 1242 Sit
222 1187 328 1257 pictae,
349 1189 460 1258 quibus
480 1194 516 1243 ut
533 1188 705 1260 proferrent
725 1188 797 1255 fata,
816 1189 954 1243 subirent

158 1277 220 1348 Ipsi
238 1276 323 1332 mille
342 1294 442 1344 neces,
462 1295 519 1332 nec
538 1278 702 1350 quicquam
720 1284 768 1332 est
786 1277 875 1332 dulce
894 1277 1039 1348 peremtis

156 1365 349 1436 Pignoribus;
368 1373 507 1421 moerent
526 1365 602 1436 orbi,
624 1365 780 1436 vitamque
799 1373 956 1421 morantur

156 1454 293 1508 Invisam
311 1455 355 1509 nil
372 1455 520 1510 debentes
540 1454 725 1511 caelestibus
744 1455 834 1509 auris.

157 1542 283 1609 Idcirco,
302 1548 338 1597 ut
356 1543 463 1597 duram
481 1543 563 1599 natis
581 1548 721 1598 avertere
739 1542 856 1613 possint

156 1630 336 1701 Pauperiem
355 1630 557 1703 miseramque
576 1631 698 1700 famem,
719 1637 765 1685 tot
784 1629 866 1686 adire
885 1630 1005 1685 labores

157 1718 322 1786 Cernimus
343 1725 374 1773 et
394 1720 486 1774 certis
504 1721 587 1774 ultro
606 1737 637 1775 se
660 1719 767 1775 offerre
787 1717 920 1790 periclis.

156 1807 224 1861 Non
242 1825 289 1862 me
311 1808 385 1864 adeo
405 1807 493 1880 fugit,
514 1808 644 1880 quantis,
668 1816 755 1879 pater
774 1808 895 1880 optime,
916 1807 997 1863 curis

155 1896 282 1963 Annine,
303 1903 357 1952 aut
375 1903 489 1969 quanto
509 1897 687 1969 indulgebas
705 1903 811 1968 sponte
832 1896 935 1965 labori,

154 1985 200 2040 Ut
218 1983 292 2039 mihi
310 2002 358 2041 res
376 1992 485 2040 tenues
504 2003 558 2052 per
577 1992 625 2041 tot
644 1985 819 2040 discrimina
841 2003 942 2040 rerum

155 2073 297 2143 Eriperes
315 2074 410 2129 tantis
428 2074 577 2130 bellorum
596 2073 748 2140 fluctibus,
768 2080 804 2129 ut
821 2073 866 2128 nil

155 2165 341 2229 Detractum,
360 2163 434 2218 licet
452 2163 537 2217 irent
555 2169 692 2234 tempora
710 2164 793 2230 dura,
812 2163 933 2234 periret.

156 2251 202 2306 Tu
222 2269 352 2321 quoque,
372 2259 478 2307 sancta
496 2270 615 2323 parens,
635 2252 728 2309 variis
747 2251 881 2307 exercita
901 2251 982 2307 curis

155 2341 215 2395 Pro
233 2346 326 2412 gnato
346 2359 421 2413 quas
439 2356 502 2396 non
521 2359 597 2410 aras,
619 2358 696 2413 quae
716 2359 775 2396 non
794 2357 879 2395 sacra
898 2339 999 2395 adibas

154 2429 299 2499 Templa?
316 2431 425 2502 quibus
443 2449 505 2485 non
523 2437 599 2486 tunc
618 2432 764 2486 onerabas
782 2431 907 2485 aethera
926 2429 1014 2498 votis,

151 2517 228 2573 Caro
248 2524 359 2573 cuncta
377 2517 488 2574 timens
508 2517 609 2589 capiti,
628 2519 707 2573 bona
725 2525 836 2573 cuneta
854 2517 994 2589 precata?

153 2611 198 2665 Ut
217 2608 291 2662 mihi
310 2609 347 2663 ed
366 2608 512 2680 ingenuas
530 2607 643 2663 nitenti
660 2609 790 2678 desuper
808 2613 888 2662 artes

151 2697 311 2752 Auxilium
329 2698 409 2752 foret
427 2705 459 2752 et
478 2697 566 2752 favor
584 2696 801 2768 omnipotentis
820 2697 949 2768 Olympi,

152 2785 192 2839 Et
210 2802 276 2839 sors
295 2803 391 2856 usque
413 2801 514 2839 comes
534 2783 684 2840 crescenti
703 2784 814 2839 innexa
832 2782 960 2850 veniret,

151 2874 275 2941 Virtuti,
296 2893 373 2947 quae
394 2893 449 2930 nos
468 2875 506 2929 ad
526 2892 598 2945 opes
618 2874 740 2930 efferret
760 2874 866 2930 avitas

153 2963 318 3034 Praecipue
339 2964 469 3018 mihine
488 2964 626 3019 maculae
646 2965 683 3019 ob
704 2965 844 3034 contagia
862 2970 966 3034 turpes

151 3058 215 3110 Aut
233 3052 324 3108 animi
345 3061 446 3124 pestes
457 3056 684 3109 ¹commerciave
705 3054 769 3108 ulla
787 3059 941 3117 nocerent,

150 3144 208 3198 Sed
226 3143 298 3197 mihi
322 3161 406 3198 mens
425 3161 500 3213 puro
520 3142 601 3197 foret
619 3159 717 3214 usque
737 3143 769 3196 in
788 3160 911 3212 corpore
929 3159 1013 3212 pura,

150 3235 309 3303 Ductaque
329 3232 366 3286 ad
385 3238 556 3287 extremum
575 3232 731 3301 inculpata
750 3232 939 3286 adolesceret
957 3236 1049 3301 aetas,

150 3319 297 3374 Omnibus
317 3325 458 3374 ornatum
477 3321 549 3375 dum
568 3319 615 3375 vis
634 3320 783 3373 excellere
802 3319 901 3374 rebus.

149 3408 233 3476 Quae
252 3409 338 3464 vobis
357 3409 474 3464 meritis
493 3428 547 3480 pro
566 3410 662 3465 tantis
680 3416 787 3464 mutua
809 3415 914 3464 contra

149 3498 324 3552 Persolvam
343 3497 474 3553 infelix?
493 3515 569 3570 quae
590 3497 676 3554 vobis
694 3497 785 3568 digna
803 3496 990 3566 rependam?

149 3588 251 3654 Quum
261 3586 335 3641 mihi
347 3587 409 3642 sint
422 3594 454 3642 et
467 3606 547 3658 opes,
560 3589 678 3643 animus
692 3606 812 3658 quoque
828 3594 858 3642 et
870 3586 969 3658 ampla
982 3585 1088 3641 volun-

148 3677 243 3753 quue
262 3693 358 3735 unum
377 3676 570 3737 affectarem:
591 3684 648 3751 ast,
663 3696 680 3732 0
694 3674 835 3734 mortalia
848 3693 1003 3753 nunquam
1025 3673 1090 3753 [tas¹
