2550 4176
1028 293 1078 348 105

122 391 183 467 Qui
201 391 277 454 mihi
295 404 384 470 turpe
404 404 493 470 putat
512 396 619 470 vigiles
638 393 796 452 traducere
816 400 930 464 noctae,

158 491 307 561 Spargere
321 487 380 560 ⁴qui
398 489 516 542 laceras
535 488 661 557 pulvere
682 493 772 558 turpe
792 505 902 557 comas,

122 581 153 637 Is
172 581 313 636 miseram
331 581 484 652 lacrymas
502 578 675 650 prohibebit
692 578 821 634 fundere
841 584 978 647 matrem,

158 669 255 725 Filius
275 671 394 742 ingesta
413 687 507 740 quum
526 669 698 723 tumulatur
714 668 817 722 humo.

120 759 258 829 Namque
278 775 332 830 ego
351 757 395 813 sic
413 755 498 828 perii,
517 773 587 828 spes
606 764 643 812 ut
661 757 702 813 sit
720 757 806 812 nulla
825 757 942 827 salutis,

155 848 205 902 Me
224 846 368 902 miserum
387 846 502 902 auxilio
522 864 593 899 nam
611 864 679 900 mea
697 846 805 900 damna
824 853 938 900 carent.

120 937 168 990 En
188 941 304 991 moesta
323 933 475 989 immerito
495 934 583 989 nubit
602 952 669 988 mea
688 940 784 1005 nupta
802 934 918 1003 meritc,

157 1024 301 1079 Traditur
318 1024 379 1079 heu
398 1024 473 1078 duro
493 1029 597 1078 nostra
614 1023 718 1094 puella
736 1022 810 1079 viro.

121 1113 183 1179 Qui
201 1112 244 1167 sic
266 1112 460 1180 conveniunt,
479 1118 516 1167 111
535 1117 622 1166 101110
640 1110 750 1181 juncta
768 1112 884 1179 leaena,

156 1201 273 1257 Nobilis
291 1207 327 1256 ut
345 1201 448 1272 rapido
469 1200 613 1256 convenit
631 1218 703 1256 ursa
722 1201 798 1255 cani.

120 1289 179 1344 1110
198 1290 320 1362 quidem
338 1289 426 1345 festis
445 1289 517 1343 dum
537 1288 677 1344 cantibus
696 1290 798 1343 omnia
817 1289 946 1358 fervent,

155 1377 287 1448 Ingemit
306 1384 337 1432 01
356 1395 468 1432 nomen
488 1377 627 1432 clamitat
645 1394 741 1448 usque
762 1395 873 1433 meum.

120 1466 221 1520 Instat
239 1467 292 1521 sed
311 1466 404 1521 durus
423 1465 552 1521 nimium
570 1471 658 1537 pater
677 1485 711 1520 ac
731 1466 810 1520 mala
829 1479 935 1536 mater,

156 1556 293 1625 Jungere
313 1555 444 1625 disparia
464 1573 589 1625 corpora
608 1555 688 1610 velle
708 1555 773 1610 due.

121 1645 257 1715 Jungere
277 1645 330 1700 sed
348 1652 466 1699 mentes
485 1663 547 1698 non
564 1645 611 1700 vis
629 1663 742 1700 vesana
759 1652 928 1716 parentum,

154 1734 218 1788 Nec
236 1734 351 1803 poterit
370 1751 508 1789 summus
527 1735 548 1790 J
550 1735 671 1805 uppiter
690 1733 753 1805 ipse
774 1735 903 1807 quidem.

120 1823 232 1878 Dedita
247 1824 310 1894 jam
328 1824 444 1894 pridem
463 1831 510 1879 001
529 1824 624 1889 nobie,
645 1830 677 1879 01
695 1824 816 1879 deditus
835 1824 883 1879 illi

155 1914 204 1968 Sic
224 1930 278 1984 ego
298 1931 374 1981 sum,
394 1920 430 1968 ut
450 1932 615 1986 numquam
634 1914 750 1970 dividat
768 1915 832 1969 11110
850 1915 924 1970 dies,

120 2005 169 2058 Me
188 2010 291 2058 tamen
310 2003 464 2059 innumeri
482 2009 628 2075 torquent
646 2003 711 2059 sine
731 2004 789 2058 fine
811 2005 939 2072 (1010100,

155 2094 274 2164 Regnat
294 2100 326 2147 et
344 2092 376 2146 in
395 2092 476 2146 tristi
495 2100 618 2163 pectore
637 2093 721 2147 dirus
740 2110 830 2147 amor.

120 2182 200 2251 Ergo
221 2199 275 2250 age
295 2180 479 2251 conspiciam
498 2180 628 2235 liventia
646 2180 769 2235 brachia
788 2199 877 2250 nexu,

156 2269 197 2321 Et
215 2267 334 2322 videam
353 2285 455 2322 morsu
477 2267 556 2322 colla
575 2268 776 2322 1010101010.

121 2357 223 2423 Quum
241 2357 324 2411 volet
342 2374 413 2427 ergo
433 2356 517 2410 dabis
536 2357 715 2414 mollissima
733 2357 847 2427 suavia,
868 2358 918 2414 vel
937 2357 1018 2430 quod

154 2446 304 2501 Junctum
322 2445 467 2502 suaviolis
485 2445 624 2516 protinus
642 2463 709 2502 0000
728 2447 815 2502 solet.

120 2535 200 2604 Ergo
219 2551 272 2605 ego
291 2534 435 2589 dilectam
454 2541 574 2589 tentum
594 2536 734 2606 spectabo
752 2536 888 2606 puellam

157 2623 291 2693 Tangere
312 2624 366 2696 qui
384 2624 505 2694 poterit,
526 2641 620 2693 quum
639 2624 724 2693 velit,
744 2625 822 2680 alter
842 2625 909 2680 erit.

120 2711 188 2766 Non
206 2731 274 2768 sum
293 2730 348 2784 ego
367 2713 421 2786 qui
438 2713 550 2784 possim
569 2712 682 2769 tacitus
701 2714 781 2768 male
799 2720 886 2769 101110
904 2714 1015 2783 videre,

155 2801 233 2856 Nam
251 2802 326 2856 mihi
343 2803 446 2858 nescio
466 2804 539 2875 quid
558 2802 694 2874 suggerit
714 2803 772 2858 iste
791 2804 887 2859 dolor.

122 2888 179 2954 Qui
197 2891 321 2946 demens
340 2897 442 2947 tantos
461 2892 541 2962 potis
560 2898 605 2946 001
624 2892 754 2947 10101010
775 2893 894 2947 dolores

156 2980 269 3034 Ferrea
287 2998 454 3036 marmoreo
474 2987 597 3051 pectore
619 2982 709 3036 corda
726 2982 814 3051 gerit.

121 3067 233 3136 Erepto
251 3074 298 3122 001
317 3086 424 3139 passus
442 3068 579 3124 Briseide
599 3075 734 3124 moestus
754 3069 898 3137 Achilles

156 3156 202 3211 Ut
218 3155 307 3212 fortis
325 3159 446 3214 Danaas
464 3164 599 3213 verteret
618 3159 732 3212 Hector
751 3176 831 3229 opes,

120 3243 180 3299 Hic
199 3244 292 3312 furor,
313 3247 437 3302 armatis
455 3246 487 3301 in
507 3247 628 3318 Trojam
647 3248 731 3303 mille
752 3248 871 3317 00111110,

155 3334 258 3389 Ι)111111
277 3336 409 3402 argolica
428 3338 574 3408 Pergama
593 3340 674 3394 celsa
693 3357 793 3393 manu.

121 3423 179 3477 Sed
198 3424 270 3494 quid
290 3441 344 3495 ego
363 3425 488 3481 heroum
508 3445 589 3482 nunc
609 3427 708 3498 prisca
727 3429 866 3499 exempla
885 3430 1035 3486 revolvo?

157 3512 285 3567 Pectora
305 3520 485 3568 cunctorum
505 3524 676 3572 commovet
695 3516 752 3571 iste
772 3517 865 3572 furor.
