2550 4176
283 345 350 400 Non
368 349 404 400 nt
421 349 526 400 nostra
543 361 637 400 novos
656 345 790 401 Arabum
807 344 892 401 bibat
910 364 989 401 urna
1007 346 1151 420 liquores,

319 435 416 491 Ustus
434 437 467 488 et
485 432 610 505 Assyrio
629 433 725 504 spiret
744 434 834 490 odore
854 435 939 503 cinis,

283 525 348 579 Ant
366 529 402 578 ut
421 523 503 577 clara
521 523 582 576 mei
602 529 741 579 notescat
759 523 841 578 fama
859 525 1001 596 sepulcri,

316 612 449 683 Altaque
469 629 656 667 marmoreus
674 611 774 667 sidera
793 618 901 685 tangat
919 632 1005 684 apex,

281 701 339 756 Sed
357 700 453 772 magis
471 708 507 757 nt
525 702 618 758 liceat
636 703 742 774 longas
761 703 864 759 audire
885 706 1025 777 querelas

316 792 357 846 nt
375 807 479 861 gerere
500 808 515 845 e
535 791 668 848 lacrimis
679 800 771 852 ‚serta
789 793 888 865 rigata
907 793 978 850 tuis.

280 879 366 934 'lunc
384 897 440 951 ego
460 880 592 935 Letheae
611 881 761 951 spatiatus
781 881 813 936 in
832 900 941 953 aggere
961 883 1053 955 ripae,

316 971 384 1037 Qua
402 971 482 1027 nitet
501 972 609 1027 obtuso
628 970 744 1027 lumine
763 970 842 1028 falsa
859 971 931 1039 dies,

281 1061 407 1133 Quaque
427 1060 505 1116 levis
525 1059 623 1116 casiae
643 1078 750 1117 nemus
769 1062 996 1136 ambrosiaeque
1015 1063 1146 1122 virentis

315 1150 355 1202 Et
373 1148 546 1204 fortunatos
566 1148 656 1204 alluit
676 1149 757 1204 unda
775 1168 891 1222 greges,

279 1237 389 1293 Dulcia
408 1236 591 1307 praeteritae
612 1245 752 1309 repetens
771 1238 921 1294 insomnia
940 1240 1033 1308 vitae,

313 1326 478 1380 Ostendam
497 1325 599 1396 Elysis
618 1332 666 1381 tot
684 1345 752 1382 mea
770 1327 850 1383 dona
869 1328 978 1384 choris.
1009 1389 1014 1396 ,

279 1415 458 1486 Felicesque
477 1415 592 1471 animas
611 1415 692 1471 inter
710 1413 830 1472 felicior
848 1417 914 1489 ipsa

312 1505 470 1578 Excipiam
489 1506 614 1577 plausus
632 1507 714 1561 laeta
732 1525 786 1578 per
805 1526 877 1564 arva
894 1527 998 1566 novos.

276 1598 378 1668 Atque
398 1594 508 1667 aliquis
529 1594 673 1650 comitum
691 1596 852 1668 laetusque
870 1597 1036 1671 hilarisque
1048 1607 1195 1665 recentes

312 1686 438 1756 Sparget
455 1685 541 1740 humi
558 1683 648 1740 flores
669 1691 699 1739 et
718 1684 791 1738 mihi
810 1691 892 1741 serta
909 1686 998 1743 feret.

276 1776 339 1831 Nec
360 1782 524 1831 contentus
545 1792 588 1842 eo,
609 1775 685 1830 fidos
704 1776 835 1831 extollet
854 1795 981 1843 amores,

310 1865 512 1938 Narrabitque
533 1864 601 1920 aliis
619 1865 655 1919 de
674 1864 787 1936 pietate
808 1873 871 1922 tua.

277 1958 334 2013 Sed
354 1956 496 2029 quoniam
515 1962 637 2011 tenerae
650 1961 779 2010 vernant
797 1975 880 2011 nunc
892 1958 975 2015 laeta
991 1957 1140 2029 juventae

312 2046 461 2117 Tempora
480 2050 512 2100 et
530 2045 688 2115 amplexus
704 2042 833 2116 jungere
853 2045 918 2100 fata
936 2045 1050 2114 sinunt,

276 2136 385 2191 Dulcia
403 2135 518 2191 lascivo
534 2135 697 2207 jungamus
716 2134 826 2207 gaudia
844 2136 935 2203 lecto,

309 2227 374 2281 Iam
392 2230 533 2296 properat
552 2224 658 2278 mortis
677 2224 774 2295 panda
793 2229 916 2280 senecta
935 2242 1044 2280 comes.

274 2316 339 2370 Iam
357 2322 521 2388 properant
539 2332 692 2386 rugaeque
711 2332 820 2386 graves
838 2320 871 2370 et
889 2315 986 2370 serior
1004 2322 1090 2372 aetas

309 2407 373 2462 Nec
392 2405 513 2462 dabitur
531 2404 616 2459 molli
630 2404 733 2460 ludere
753 2422 839 2476 posse
858 2405 957 2460 thoro.

273 2495 396 2551 Interea
414 2494 530 2567 cupidis
549 2500 707 2549 nectamus
727 2493 807 2549 colla
825 2493 956 2560 lacertis

308 2585 426 2642 Ultima
440 2585 503 2655 jam
522 2585 629 2653 solvet,
650 2602 744 2656 quum
763 2584 855 2649 volet,
876 2583 950 2638 hora
969 2583 1050 2640 deos

271 2676 321 2734 Dii
340 2676 441 2741 facite,
461 2675 537 2730 haec
556 2675 663 2745 longos
682 2680 802 2728 maneat
823 2690 891 2744 spes
911 2678 997 2728 certa
1016 2692 1192 2745 perennes

310 2765 461 2822 Candidus
481 2773 512 2820 et
530 2762 638 2835 pennis
657 2762 757 2816 omina
775 2763 876 2817 firmet
894 2763 997 2817 Amor.

682 2995 726 3046 11.

425 3132 477 3198 IN
501 3129 719 3196 DOMINAE
743 3128 973 3196 NATALEM

595 3234 638 3273 ΑΙ)
656 3231 803 3273 JUNONEM

558 3312 726 3374 (Elegiarnm,
743 3318 800 3364 Lib.
814 3316 850 3370 11.)

268 3483 385 3539 Junoni
403 3482 450 3537 fer
468 3497 560 3548 sacra,
580 3495 675 3533 novas
694 3478 769 3548 lege
790 3480 884 3545 Musa,
906 3498 1047 3536 coronas:

303 3571 420 3627 Natalis
438 3570 577 3627 dominae
592 3568 654 3639 jam
674 3567 747 3622 mihi
765 3566 864 3644 festus
883 3568 977 3625 adest.
