2550 4176
693 411 754 463 111.

660 547 774 615 VER

592 669 754 721 (carminum
769 671 837 724 Lib.)

209 831 230 887 J
232 849 279 886 am
299 829 385 886 venit
403 832 465 886 Ver
482 848 668 901 purpureum
684 830 865 902 juvenisque
886 838 1046 888 revertens

209 922 315 976 Annus
334 920 398 991 agit
417 920 561 990 Zephiros
580 927 611 975 et
631 921 716 975 coelo
735 919 865 991 desuper
884 923 947 977 alto

208 1008 347 1063 Deducet
365 1008 454 1077 pleno
472 1007 620 1078 genitalia
638 1007 754 1063 semina
773 1026 885 1064 cornu:

208 1096 296 1151 Unde
309 1096 466 1151 hominum
478 1114 574 1167 genus
594 1102 625 1152 et
643 1097 802 1167 pecudum,
816 1097 960 1169 vitaeque
979 1104 1147 1154 natantum

208 1188 249 1241 Et
267 1186 366 1257 pictae
384 1186 525 1241 volucres
545 1192 576 1240 et
595 1192 732 1241 amantes
752 1186 870 1241 roscida
888 1187 1012 1257 plantae

207 1275 244 1329 In
263 1277 414 1330 Venerem
434 1292 523 1329 caeco
543 1275 661 1329 aeterni
678 1275 841 1345 rapiuntur
860 1292 972 1330 amore.

200 1363 353 1430 'Gaudete
374 1381 391 1417 o
410 1362 592 1434 quicumque
613 1363 725 1417 bonum
745 1362 882 1433 speratis,
903 1370 1048 1434 agrestes

207 1455 343 1521 Quorum
363 1471 449 1507 amor
469 1459 515 1507 est
533 1451 653 1518 sobolis,
673 1453 871 1524 studiumque
890 1452 1053 1523 nepotibus
1073 1473 1152 1512 arva

206 1541 345 1595 Incolere
365 1545 398 1594 et
418 1557 525 1608 parvas
543 1538 636 1593 ulmis
654 1539 798 1593 attollere
816 1539 910 1595 vites:

207 1631 321 1696 Annus,
340 1629 378 1695 io,
398 1645 496 1684 novus
515 1645 613 1683 annus
633 1628 733 1698 adest3
752 1635 890 1683 mutatur
909 1635 941 1684 et
959 1634 1044 1685 aetas

155 1741 169 1764 ν
206 1722 246 1775 Et
265 1719 393 1774 meliora
410 1736 490 1779 novo
508 1723 678 1773 nascuntur
696 1720 820 1773 saecula
838 1720 966 1775 mundo:

205 1809 293 1864 Bella
311 1815 398 1879 pater
417 1807 528 1878 procul
548 1812 579 1860 et
598 1805 677 1861 diras
697 1808 845 1862 Saturnus
864 1804 995 1863 Erinnes

206 1897 333 1954 Arcebit
353 1915 422 1951 caro
443 1914 458 1951 e
479 1895 567 1950 Latio
587 1913 622 1949 ac
641 1897 696 1951 sub
716 1885 843 1951 Tartara
862 1897 972 1952 mittet.

205 1989 283 2043 Tum
302 1989 415 2042 Letum
434 1993 463 2040 et
484 2002 590 2040 caecus
609 1986 707 2039 Furor
726 1991 757 2040 et
775 2002 888 2041 vesana
908 1985 1023 2056 Cupido

206 2075 369 2146 Perpetuis
389 2081 475 2129 extra
495 2080 592 2128 terras
611 2074 739 2145 religata
758 2075 874 2129 catenis

203 2165 383 2221 Persolvent
401 2180 515 2234 poenas
534 2163 697 2218 scelerum:
717 2168 749 2217 at
768 2164 832 2217 Pax
852 2163 914 2218 alta
933 2180 987 2234 per
1009 2181 1131 2219 omnem

202 2254 326 2308 italiam
343 2270 451 2324 magno
471 2253 599 2324 populos
618 2254 673 2307 sub
692 2253 819 2308 Caesare
840 2253 928 2308 viset.
1008 2236 1012 2245 ¹

203 2344 260 2398 llle
280 2350 383 2397 autem
402 2341 529 2413 insignis
549 2342 653 2412 spoliis
672 2348 704 2397 et
723 2342 805 2396 mille
826 2341 980 2412 trophaeis

202 2432 349 2488 Instituet
367 2432 459 2487 festos
480 2431 544 2486 alta
561 2432 598 2485 ad
617 2431 766 2501 Capitolia
785 2432 883 2486 ludos.

201 2516 300 2572 Stabit
319 2523 428 2571 onusta
448 2515 563 2586 ingenS,
583 2515 704 2586 Tarpeji
723 2516 760 2570 ad
779 2515 886 2570 limina
905 2518 1011 2589 templi

201 2607 338 2672 Quercus
358 2604 473 2658 honore
493 2622 580 2658 sacra
599 2610 629 2657 et
647 2603 830 2674 praenuntia
848 2606 992 2675 temporis
1011 2605 1106 2661 aurei.

202 2695 280 2748 Tum
299 2709 405 2749 vescae
425 2692 564 2763 glandes:
584 2697 650 2746 tum
669 2697 750 2746 terre
769 2699 877 2762 sponte
897 2692 1017 2748 ferente

200 2782 317 2847 Omnia,
337 2779 529 2851 comparibus
548 2779 702 2851 disiunget
722 2781 802 2835 colla
817 2781 960 2853 juvencis

199 2871 350 2943 Agricola,
370 2876 402 2924 et
422 2869 547 2925 rudibus
567 2869 727 2924 mirabitur
746 2869 861 2926 hordea
880 2869 975 2926 sulcis

200 2962 311 3031 Sponte
331 2958 450 3013 adolere
472 2975 534 3023 sua,
553 2963 585 3012 et
603 2957 688 3012 nullo
707 2957 863 3014 frumenta
882 2961 989 3014 colono

197 3049 374 3105 Undantem
392 3048 482 3102 lectis
502 3055 637 3118 segetem
656 3045 822 3103 flavescere
842 3048 963 3119 campis.

198 3137 345 3192 Noctibus
364 3137 397 3191 in
416 3136 509 3192 silvas
531 3142 562 3191 et
580 3136 685 3191 mollia
703 3143 791 3206 prata
809 3138 926 3193 serenis

198 3227 344 3283 Aetherio
365 3227 487 3282 dulcem
507 3227 704 3284 commixtum
722 3235 847 3284 nectare
867 3247 965 3285 rorem

198 3317 324 3372 Sudabit
343 3318 474 3372 coelum:
495 3324 602 3373 tenera
620 3319 673 3390 qui
691 3320 790 3376 lectus
808 3322 845 3375 ab
864 3320 958 3375 herba

199 3407 344 3460 Mortales
363 3412 483 3460 saturet
502 3423 606 3460 mensa
624 3407 811 3478 dapibusque
830 3409 972 3464 Deorum.

199 3496 297 3561 Salve,
318 3513 427 3566 magne
449 3495 549 3566 Tybri,
570 3501 601 3549 et
620 3514 682 3562 vos,
701 3505 790 3552 natae
811 3497 951 3569 Tybride‚
971 3498 1144 3570 Nymphae,

199 3584 315 3657 Tuque,
335 3602 430 3640 senex
447 3592 533 3658 pater
551 3585 689 3656 Eridane,
711 3593 742 3642 et
761 3587 814 3659 qui
832 3586 957 3643 flumine
977 3588 1077 3644 Tusco
