2550 4176
234 436 451 506 Juvenemque
473 429 623 490 vallantis
642 427 758 489 tenello
777 432 814 490 ab
833 431 970 508 conjugis

270 524 393 581 Gremio
413 529 498 579 metu
517 523 688 594 inspersum
706 542 807 594 genas.

235 614 330 680 Quae,
349 613 497 685 pluraque
516 611 576 668 viri
593 612 621 668 si
641 611 783 668 viderent
801 611 954 684 principes

270 702 371 768 Quum
389 700 471 756 bella
488 700 577 757 initio
596 701 745 772 cogitant,

233 793 292 849 Vel
310 790 507 857 abstinerent,
525 791 577 846 vel
597 791 755 863 quibusvis
773 798 923 863 ponerent

269 881 341 935 Mox
360 885 468 950 caepta
487 879 721 947 conditionibus,

232 970 338 1040 Neque
359 985 410 1023 eos
428 967 531 1034 libido,
549 986 650 1040 neque
671 969 745 1023 adeo
764 975 869 1039 ageret
887 969 992 1040 gloria,

267 1054 312 1110 Ut
329 1052 490 1123 perderent
510 1052 594 1107 caeci
613 1052 721 1108 omnia.

232 1142 305 1198 Istis
323 1141 348 1196 si
369 1159 424 1212 ego
443 1142 480 1196 ab
499 1141 586 1198 malis
604 1143 710 1213 procul
730 1143 853 1198 tandem
871 1142 988 1198 absiem

267 1229 499 1302 Tranquillitati
516 1230 662 1298 redditae,

234 1320 422 1391 Videamque
441 1320 610 1390 pendentes
629 1339 753 1378 acervos
772 1321 875 1377 arduis
963 1328 966 1333 “

268 1409 430 1464 Scutorum
448 1408 560 1481 ubique
580 1409 726 1480 postibus,

231 1500 422 1553 Araneorum
440 1495 492 1551 fila
510 1514 587 1566 quos
607 1497 792 1553 obduxerint

266 1585 360 1657 Nigro
379 1591 503 1641 vetusto
523 1585 556 1640 in
573 1585 708 1656 pulvere,

233 1677 388 1745 Ensesque
408 1692 521 1742 rursus,
540 1674 714 1746 ferreusque
735 1673 874 1746 cuspides

266 1764 303 1817 Iu
321 1780 477 1819 vomerem
496 1762 664 1832 conflarier,

233 1852 335 1908 Vitam
354 1852 434 1907 haud
453 1870 591 1907 recusem
609 1870 775 1924 pauperem
795 1852 954 1908 traducere

265 1940 396 1996 Fodieus
414 1959 520 2012 agrum
538 1941 685 1998 incurvus
704 1957 804 1996 manu.

230 2030 344 2086 Saltem
362 2029 483 2086 animus
502 2030 613 2087 ablatis
632 2031 707 2086 mihi
724 2031 771 2087 his
792 2031 961 2086 terroribus

266 2119 439 2186 Quiesceret
457 2120 646 2177 liberrimus!

229 2210 353 2265 Possem
372 2208 506 2265 laborem
527 2210 666 2269 versibus
684 2210 814 2266 solarier

265 2299 391 2356 (linctus
409 2301 475 2355 olea
494 2318 603 2355 canum
622 2307 722 2372 caput,

231 2391 272 2444 Et
290 2394 381 2443 nocte
400 2389 548 2459 pauculos
567 2389 757 2446 revolverem
781 2389 884 2457 libros,

264 2478 322 2532 Vel
340 2477 434 2532 imbre
453 2477 597 2533 detentus
616 2477 673 2534 die.

227 2569 252 2624 Ο
271 2566 341 2623 diva
358 2567 500 2639 largitrix
519 2569 667 2624 bonorum
688 2586 751 2625 una
771 2568 914 2640 omnium,

265 2657 332 2723 Quo
351 2663 383 2712 te
402 2657 517 2712 vocabo
536 2657 678 2713 nomine?

228 2745 346 2812 Quibus
365 2752 397 2800 te
415 2745 552 2801 honestis
574 2744 696 2800 efferam
714 2745 906 2817 praeconiis?

261 2835 395 2907 Dignum
415 2836 495 2891 unde
517 2842 549 2891 te
568 2838 696 2892 verbum
716 2836 903 2908 exprimam?

226 2924 385 2996 Opuleuta,
405 2925 503 2996 salve;
520 2924 585 2995 jam
604 2943 725 2981 recurre
746 2926 816 2994 huc,
835 2943 927 2981 aurea

263 3015 304 3070 Et
322 3030 377 3069 nos
395 3020 450 3069 tuo
469 3016 559 3071 vultu
577 3016 642 3070 bea.
