<?xml version="1.0" encoding="UTF-8"?>
<!DOCTYPE html PUBLIC "-//W3C//DTD XHTML 1.0 Transitional//EN"
    "http://www.w3.org/TR/xhtml1/DTD/xhtml1-transitional.dtd">
<html xmlns="http://www.w3.org/1999/xhtml" xml:lang="en" lang="en">
 <head>
  <title>
</title>
<meta http-equiv="Content-Type" content="text/html;charset=utf-8" />
  <meta name='ocr-system' content='tesseract 3.04.00' />
  <meta name='ocr-capabilities' content='ocr_page ocr_carea ocr_par ocr_line ocrx_word'/>
</head>
<body>
  <div class='ocr_page' id='page_1' title='image "./antologiadellal00costgoog_0238.png"; bbox 0 0 2550 4176; ppageno 0'>
   <div class='ocr_carea' id='block_1_1' title="bbox 403 523 777 742">
    <p class='ocr_par' dir='ltr' id='par_1_1' title="bbox 403 523 777 742">
     <span class='ocr_line' id='line_1_1' title="bbox 571 523 615 573; baseline 0 0"><span class='ocrx_word' id='word_1_1' title='bbox 571 523 615 573; x_wconf 80' lang='grc' dir='ltr'>Π.</span> 
     </span>
     <span class='ocr_line' id='line_1_2' title="bbox 403 673 777 742; baseline -0.005 0"><span class='ocrx_word' id='word_1_2' title='bbox 403 673 477 742; x_wconf 85' lang='lat' dir='ltr'>AD</span> <span class='ocrx_word' id='word_1_3' title='bbox 508 674 777 741; x_wconf 76' lang='lat' dir='ltr'><strong>LYGIDAM</strong></span> 
     </span>
    </p>
   </div>
   <div class='ocr_carea' id='block_1_2' title="bbox 442 813 736 869">
    <p class='ocr_par' dir='ltr' id='par_1_2' title="bbox 442 813 736 869">
     <span class='ocr_line' id='line_1_3' title="bbox 442 813 736 869; baseline -0.003 -11"><span class='ocrx_word' id='word_1_4' title='bbox 442 814 610 869; x_wconf 69' lang='lat' dir='ltr'>(carminum,</span> <span class='ocrx_word' id='word_1_5' title='bbox 638 813 693 858; x_wconf 79' lang='lat' dir='ltr'>Lib.</span> <span class='ocrx_word' id='word_1_6' title='bbox 710 815 736 867; x_wconf 85' lang='grc' dir='ltr'>ι.)</span> 
     </span>
    </p>
   </div>
   <div class='ocr_carea' id='block_1_3' title="bbox 187 986 964 2395">
    <p class='ocr_par' dir='ltr' id='par_1_3' title="bbox 189 986 964 1328">
     <span class='ocr_line' id='line_1_4' title="bbox 189 986 832 1061; baseline -0.008 -16"><span class='ocrx_word' id='word_1_7' title='bbox 189 989 270 1057; x_wconf 84' lang='lat' dir='ltr'>Quid</span> <span class='ocrx_word' id='word_1_8' title='bbox 289 989 342 1045; x_wconf 91' lang='lat' dir='ltr'>fles</span> <span class='ocrx_word' id='word_1_9' title='bbox 361 989 537 1056; x_wconf 86' lang='lat' dir='ltr'><strong>luminibus,</strong></span> <span class='ocrx_word' id='word_1_10' title='bbox 557 988 682 1061; x_wconf 84' lang='lat' dir='ltr'>Lygide,</span> <span class='ocrx_word' id='word_1_11' title='bbox 702 1006 748 1043; x_wconf 93' lang='lat' dir='ltr'>me</span> <span class='ocrx_word' id='word_1_12' title='bbox 770 986 832 1042; x_wconf 91' lang='lat' dir='ltr'>tuis</span> 
     </span>
     <span class='ocr_line' id='line_1_5' title="bbox 228 1077 964 1150; baseline -0.008 -16"><span class='ocrx_word' id='word_1_13' title='bbox 228 1081 326 1146; x_wconf 81' lang='lat' dir='ltr'>Quem</span> <span class='ocrx_word' id='word_1_14' title='bbox 344 1077 464 1150; x_wconf 86' lang='lat' dir='ltr'>perdis?</span> <span class='ocrx_word' id='word_1_15' title='bbox 483 1080 552 1134; x_wconf 80' lang='lat' dir='ltr'>Mea</span> <span class='ocrx_word' id='word_1_16' title='bbox 570 1085 602 1132; x_wconf 87' lang='lat' dir='ltr'>te</span> <span class='ocrx_word' id='word_1_17' title='bbox 621 1077 731 1134; x_wconf 84' lang='lat' dir='ltr'>funera</span> <span class='ocrx_word' id='word_1_18' title='bbox 749 1094 812 1131; x_wconf 88' lang='lat' dir='ltr'>non</span> <span class='ocrx_word' id='word_1_19' title='bbox 830 1079 964 1140; x_wconf 87' lang='lat' dir='ltr'>movent,</span> 
     </span>
     <span class='ocr_line' id='line_1_6' title="bbox 226 1166 615 1239; baseline -0.003 -18"><span class='ocrx_word' id='word_1_20' title='bbox 226 1168 314 1235; x_wconf 82' lang='lat' dir='ltr'>Quod</span> <span class='ocrx_word' id='word_1_21' title='bbox 332 1185 380 1222; x_wconf 94' lang='lat' dir='ltr'>me</span> <span class='ocrx_word' id='word_1_22' title='bbox 400 1173 498 1222; x_wconf 90' lang='lat' dir='ltr'>morte</span> <span class='ocrx_word' id='word_1_23' title='bbox 516 1166 615 1239; x_wconf 89' lang='lat' dir='ltr'>perire</span> 
     </span>
     <span class='ocr_line' id='line_1_7' title="bbox 223 1255 637 1328; baseline -0.005 -16"><span class='ocrx_word' id='word_1_24' title='bbox 223 1257 352 1328; x_wconf 81' lang='lat' dir='ltr'>Indigna</span> <span class='ocrx_word' id='word_1_25' title='bbox 370 1255 514 1312; x_wconf 88' lang='lat' dir='ltr'>miserum</span> <span class='ocrx_word' id='word_1_26' title='bbox 532 1255 637 1312; x_wconf 81' lang='lat' dir='ltr'>vides?</span> 
     </span>
    </p>

    <p class='ocr_par' dir='ltr' id='par_1_4' title="bbox 191 1342 839 1593">
     <span class='ocr_line' id='line_1_8' title="bbox 191 1342 777 1414; baseline -0.003 -14"><span class='ocrx_word' id='word_1_27' title='bbox 191 1346 240 1400; x_wconf 92' lang='lat' dir='ltr'>Me</span> <span class='ocrx_word' id='word_1_28' title='bbox 260 1342 351 1400; x_wconf 91' lang='lat' dir='ltr'>nullis</span> <span class='ocrx_word' id='word_1_29' title='bbox 369 1346 490 1414; x_wconf 79' lang='lat' dir='ltr'>placeat</span> <span class='ocrx_word' id='word_1_30' title='bbox 509 1345 615 1399; x_wconf 88' lang='lat' dir='ltr'>tollere</span> <span class='ocrx_word' id='word_1_31' title='bbox 636 1342 777 1398; x_wconf 78' lang='lat' dir='ltr'>laudibus</span> 
     </span>
     <span class='ocr_line' id='line_1_9' title="bbox 227 1433 839 1504; baseline -0.008 -15"><span class='ocrx_word' id='word_1_32' title='bbox 227 1435 278 1502; x_wconf 76' lang='lat' dir='ltr'>Te,</span> <span class='ocrx_word' id='word_1_33' title='bbox 300 1452 348 1489; x_wconf 88' lang='lat' dir='ltr'>me</span> <span class='ocrx_word' id='word_1_34' title='bbox 368 1442 403 1488; x_wconf 92' lang='lat' dir='ltr'>tu</span> <span class='ocrx_word' id='word_1_35' title='bbox 423 1433 535 1488; x_wconf 89' lang='lat' dir='ltr'>metuis</span> <span class='ocrx_word' id='word_1_36' title='bbox 554 1433 666 1504; x_wconf 84' lang='lat' dir='ltr'>perfida</span> <span class='ocrx_word' id='word_1_37' title='bbox 685 1437 839 1486; x_wconf 90' lang='lat' dir='ltr'>mortuum</span> 
     </span>
     <span class='ocr_line' id='line_1_10' title="bbox 223 1522 618 1593; baseline -0.015 -14"><span class='ocrx_word' id='word_1_38' title='bbox 223 1522 421 1592; x_wconf 79' lang='lat' dir='ltr'>Extinguaris</span> <span class='ocrx_word' id='word_1_39' title='bbox 441 1529 472 1577; x_wconf 93' lang='lat' dir='ltr'>et</span> <span class='ocrx_word' id='word_1_40' title='bbox 491 1523 556 1593; x_wconf 84' lang='lat' dir='ltr'>ipsa</span> <span class='ocrx_word' id='word_1_41' title='bbox 616 1569 618 1573; x_wconf 89' lang='lat'>.</span> 
     </span>
    </p>

    <p class='ocr_par' dir='ltr' id='par_1_5' title="bbox 223 1611 644 1683">
     <span class='ocr_line' id='line_1_11' title="bbox 223 1611 644 1683; baseline -0.005 -17"><span class='ocrx_word' id='word_1_42' title='bbox 223 1613 273 1667; x_wconf 90' lang='lat' dir='ltr'>Me</span> <span class='ocrx_word' id='word_1_43' title='bbox 293 1612 429 1666; x_wconf 80' lang='lat' dir='ltr'>extincto</span> <span class='ocrx_word' id='word_1_44' title='bbox 449 1611 562 1683; x_wconf 84' lang='lat' dir='ltr'>pariter</span> <span class='ocrx_word' id='word_1_45' title='bbox 581 1617 644 1665; x_wconf 79' lang='lat' dir='ltr'>tuo,</span> 
     </span>
    </p>

    <p class='ocr_par' dir='ltr' id='par_1_6' title="bbox 190 1699 843 2035">
     <span class='ocr_line' id='line_1_12' title="bbox 190 1699 811 1767; baseline -0.003 -13"><span class='ocrx_word' id='word_1_46' title='bbox 190 1701 274 1767; x_wconf 81' lang='lat' dir='ltr'>Quae</span> <span class='ocrx_word' id='word_1_47' title='bbox 294 1699 425 1755; x_wconf 75' lang='lat' dir='ltr'>accessit</span> <span class='ocrx_word' id='word_1_48' title='bbox 443 1699 561 1754; x_wconf 84' lang='lat' dir='ltr'>Paridis</span> <span class='ocrx_word' id='word_1_49' title='bbox 581 1699 711 1754; x_wconf 84' lang='lat' dir='ltr'>navibus</span> <span class='ocrx_word' id='word_1_50' title='bbox 730 1699 811 1754; x_wconf 89' lang='lat' dir='ltr'>Ilion</span> 
     </span>
     <span class='ocr_line' id='line_1_13' title="bbox 223 1789 843 1863; baseline -0.005 -17"><span class='ocrx_word' id='word_1_51' title='bbox 223 1791 272 1846; x_wconf 81' lang='lat' dir='ltr'>Sic</span> <span class='ocrx_word' id='word_1_52' title='bbox 291 1809 399 1863; x_wconf 82' lang='lat' dir='ltr'>magno</span> <span class='ocrx_word' id='word_1_53' title='bbox 419 1790 533 1862; x_wconf 89' lang='lat' dir='ltr'>gemitu</span> <span class='ocrx_word' id='word_1_54' title='bbox 551 1789 681 1845; x_wconf 81' lang='lat' dir='ltr'>fleverat</span> <span class='ocrx_word' id='word_1_55' title='bbox 699 1791 843 1857; x_wconf 80' lang='lat' dir='ltr'>Hectore,</span> 
     </span>
     <span class='ocr_line' id='line_1_14' title="bbox 227 1878 659 1952; baseline 0 -18"><span class='ocrx_word' id='word_1_56' title='bbox 227 1881 294 1934; x_wconf 88' lang='lat' dir='ltr'>Non</span> <span class='ocrx_word' id='word_1_57' title='bbox 314 1880 394 1952; x_wconf 89' lang='lat' dir='ltr'>quod</span> <span class='ocrx_word' id='word_1_58' title='bbox 414 1897 519 1935; x_wconf 80' lang='lat' dir='ltr'>caesus</span> <span class='ocrx_word' id='word_1_59' title='bbox 538 1878 659 1935; x_wconf 83' lang='lat' dir='ltr'><strong>Achille</strong></span> 
     </span>
     <span class='ocr_line' id='line_1_15' title="bbox 224 1968 574 2035; baseline 0.003 -11"><span class='ocrx_word' id='word_1_60' title='bbox 224 1971 254 2025; x_wconf 87' lang='lat' dir='ltr'>Is</span> <span class='ocrx_word' id='word_1_61' title='bbox 275 1988 365 2025; x_wconf 79' lang='lat' dir='ltr'>eausa</span> <span class='ocrx_word' id='word_1_62' title='bbox 382 1968 464 2024; x_wconf 85' lang='lat' dir='ltr'>foret</span> <span class='ocrx_word' id='word_1_63' title='bbox 482 1968 574 2035; x_wconf 79' lang='lat' dir='ltr'>illiue,</span> 
     </span>
    </p>

    <p class='ocr_par' dir='ltr' id='par_1_7' title="bbox 187 2057 894 2306">
     <span class='ocr_line' id='line_1_16' title="bbox 187 2057 894 2131; baseline -0.003 -16"><span class='ocrx_word' id='word_1_64' title='bbox 187 2060 230 2115; x_wconf 93' lang='lat' dir='ltr'>At</span> <span class='ocrx_word' id='word_1_65' title='bbox 247 2059 328 2131; x_wconf 83' lang='lat' dir='ltr'>quod</span> <span class='ocrx_word' id='word_1_66' title='bbox 346 2077 407 2113; x_wconf 91' lang='lat' dir='ltr'>non</span> <span class='ocrx_word' id='word_1_67' title='bbox 426 2057 565 2130; x_wconf 82' lang='lat' dir='ltr'>Phrygiis</span> <span class='ocrx_word' id='word_1_68' title='bbox 583 2063 670 2130; x_wconf 80' lang='lat' dir='ltr'>grata</span> <span class='ocrx_word' id='word_1_69' title='bbox 687 2057 777 2127; x_wconf 82' lang='lat' dir='ltr'>feret,</span> <span class='ocrx_word' id='word_1_70' title='bbox 795 2075 894 2128; x_wconf 90' lang='lat' dir='ltr'>neque</span> 
     </span>
     <span class='ocr_line' id='line_1_17' title="bbox 222 2147 761 2218; baseline -0.006 -12"><span class='ocrx_word' id='word_1_71' title='bbox 222 2147 327 2206; x_wconf 87' lang='lat' dir='ltr'>Ullius</span> <span class='ocrx_word' id='word_1_72' title='bbox 346 2147 486 2203; x_wconf 84' lang='lat' dir='ltr'>manibus</span> <span class='ocrx_word' id='word_1_73' title='bbox 504 2147 611 2202; x_wconf 88' lang='lat' dir='ltr'>militis</span> <span class='ocrx_word' id='word_1_74' title='bbox 631 2147 761 2218; x_wconf 83' lang='lat' dir='ltr'>amplius</span> 
     </span>
     <span class='ocr_line' id='line_1_18' title="bbox 223 2236 583 2306; baseline -0.008 -14"><span class='ocrx_word' id='word_1_75' title='bbox 223 2238 260 2292; x_wconf 88' lang='lat' dir='ltr'>Se</span> <span class='ocrx_word' id='word_1_76' title='bbox 280 2254 312 2292; x_wconf 91' lang='lat' dir='ltr'>se</span> <span class='ocrx_word' id='word_1_77' title='bbox 330 2236 453 2291; x_wconf 84' lang='lat' dir='ltr'>eredere</span> <span class='ocrx_word' id='word_1_78' title='bbox 472 2240 583 2306; x_wconf 84' lang='lat' dir='ltr'>posset,</span> 
     </span>
    </p>

    <p class='ocr_par' dir='ltr' id='par_1_8' title="bbox 223 2322 593 2395">
     <span class='ocr_line' id='line_1_19' title="bbox 223 2322 593 2395; baseline -0.003 -15"><span class='ocrx_word' id='word_1_79' title='bbox 223 2327 286 2381; x_wconf 83' lang='lat' dir='ltr'>Nec</span> <span class='ocrx_word' id='word_1_80' title='bbox 306 2325 370 2380; x_wconf 82' lang='lat' dir='ltr'>vita</span> <span class='ocrx_word' id='word_1_81' title='bbox 388 2323 504 2395; x_wconf 79' lang='lat' dir='ltr'>placide</span> <span class='ocrx_word' id='word_1_82' title='bbox 523 2322 593 2380; x_wconf 87' lang='lat' dir='ltr'>frui.</span> 
     </span>
    </p>
   </div>
   <div class='ocr_carea' id='block_1_4' title="bbox 324 2615 843 2844">
    <p class='ocr_par' dir='ltr' id='par_1_9' title="bbox 324 2615 843 2844">
     <span class='ocr_line' id='line_1_20' title="bbox 497 2615 626 2677; baseline 0 -1"><span class='ocrx_word' id='word_1_83' title='bbox 497 2656 502 2667; x_wconf 65' lang='grc' dir='ltr'><em>ι</em></span> <span class='ocrx_word' id='word_1_84' title='bbox 548 2615 626 2677; x_wconf 89' lang='lat'>111.&#39;</span> 
     </span>
     <span class='ocr_line' id='line_1_21' title="bbox 324 2777 843 2844; baseline -0.004 -2"><span class='ocrx_word' id='word_1_85' title='bbox 324 2777 388 2843; x_wconf 87' lang='lat' dir='ltr'>DE</span> <span class='ocrx_word' id='word_1_86' title='bbox 410 2777 549 2844; x_wconf 85' lang='lat' dir='ltr'><strong>JULIO</strong></span> <span class='ocrx_word' id='word_1_87' title='bbox 573 2777 708 2844; x_wconf 82' lang='lat' dir='ltr'>PONT.</span> <span class='ocrx_word' id='word_1_88' title='bbox 725 2777 843 2842; x_wconf 87' lang='lat' dir='ltr'><strong>MAX.</strong></span> 
     </span>
    </p>
   </div>
   <div class='ocr_carea' id='block_1_5' title="bbox 434 2926 736 2982">
    <p class='ocr_par' dir='ltr' id='par_1_10' title="bbox 434 2926 736 2982">
     <span class='ocr_line' id='line_1_22' title="bbox 434 2926 736 2982; baseline 0.003 -13"><span class='ocrx_word' id='word_1_89' title='bbox 434 2926 603 2982; x_wconf 77' lang='lat' dir='ltr'>(carminum,</span> <span class='ocrx_word' id='word_1_90' title='bbox 619 2927 675 2971; x_wconf 83' lang='lat' dir='ltr'>Lib.</span> <span class='ocrx_word' id='word_1_91' title='bbox 691 2928 736 2980; x_wconf 74' lang='lat' dir='ltr'>iv.)</span> 
     </span>
    </p>
   </div>
   <div class='ocr_carea' id='block_1_6' title="bbox 150 3100 953 3262">
    <p class='ocr_par' dir='ltr' id='par_1_11' title="bbox 150 3100 953 3262">
     <span class='ocr_line' id='line_1_23' title="bbox 150 3100 953 3170; baseline 0.001 -15"><span class='ocrx_word' id='word_1_92' title='bbox 150 3100 224 3166; x_wconf 80' lang='lat' dir='ltr'>Quis</span> <span class='ocrx_word' id='word_1_93' title='bbox 242 3107 282 3166; x_wconf 85' lang='lat' dir='ltr'>te,</span> <span class='ocrx_word' id='word_1_94' title='bbox 302 3106 407 3155; x_wconf 79' lang='lat' dir='ltr'>sancte</span> <span class='ocrx_word' id='word_1_95' title='bbox 426 3107 520 3170; x_wconf 87' lang='lat' dir='ltr'>peter,</span> <span class='ocrx_word' id='word_1_96' title='bbox 539 3101 651 3154; x_wconf 72' lang='lat' dir='ltr'>lanum</span> <span class='ocrx_word' id='word_1_97' title='bbox 670 3119 731 3156; x_wconf 89' lang='lat' dir='ltr'>non</span> <span class='ocrx_word' id='word_1_98' title='bbox 749 3101 807 3156; x_wconf 93' lang='lat' dir='ltr'>rite</span> <span class='ocrx_word' id='word_1_99' title='bbox 829 3102 953 3168; x_wconf 60' lang='lat' dir='ltr'>vocarit,</span> 
     </span>
     <span class='ocr_line' id='line_1_24' title="bbox 151 3188 929 3262; baseline 0.003 -18"><span class='ocrx_word' id='word_1_100' title='bbox 151 3188 182 3244; x_wconf 88' lang='lat' dir='ltr'>Si</span> <span class='ocrx_word' id='word_1_101' title='bbox 201 3189 307 3255; x_wconf 88' lang='lat' dir='ltr'>virtus,</span> <span class='ocrx_word' id='word_1_102' title='bbox 327 3188 354 3244; x_wconf 91' lang='lat' dir='ltr'>si</span> <span class='ocrx_word' id='word_1_103' title='bbox 372 3188 471 3243; x_wconf 84' lang='lat' dir='ltr'>forma</span> <span class='ocrx_word' id='word_1_104' title='bbox 489 3189 603 3254; x_wconf 82' lang='lat' dir='ltr'>eadem,</span> <span class='ocrx_word' id='word_1_105' title='bbox 623 3189 649 3245; x_wconf 92' lang='lat' dir='ltr'>si</span> <span class='ocrx_word' id='word_1_106' title='bbox 667 3190 749 3245; x_wconf 78' lang='lat' dir='ltr'>faeta</span> <span class='ocrx_word' id='word_1_107' title='bbox 768 3190 929 3262; x_wconf 86' lang='lat' dir='ltr'>utriusque</span> 
     </span>
    </p>
   </div>
   <div class='ocr_carea' id='block_1_7' title="bbox 150 3276 933 3433">
    <p class='ocr_par' dir='ltr' id='par_1_12' title="bbox 150 3276 933 3433">
     <span class='ocr_line' id='line_1_25' title="bbox 150 3276 875 3349; baseline 0.001 -16"><span class='ocrx_word' id='word_1_108' title='bbox 150 3276 366 3333; x_wconf 76' lang='lat' dir='ltr'>Conveniunt?</span> <span class='ocrx_word' id='word_1_109' title='bbox 385 3277 434 3331; x_wconf 88' lang='lat' dir='ltr'>llli</span> <span class='ocrx_word' id='word_1_110' title='bbox 450 3276 554 3348; x_wconf 80' lang='lat' dir='ltr'>junxit</span> <span class='ocrx_word' id='word_1_111' title='bbox 572 3277 633 3332; x_wconf 85' lang='lat' dir='ltr'>trie</span> <span class='ocrx_word' id='word_1_112' title='bbox 651 3279 796 3349; x_wconf 85' lang='lat' dir='ltr'>Juppiter</span> <span class='ocrx_word' id='word_1_113' title='bbox 815 3297 875 3345; x_wconf 83' lang='lat' dir='ltr'>ora,</span> 
     </span>
     <span class='ocr_line' id='line_1_26' title="bbox 150 3359 933 3433; baseline 0.001 -17"><span class='ocrx_word' id='word_1_114' title='bbox 150 3362 191 3416; x_wconf 85' lang='lat' dir='ltr'>Et</span> <span class='ocrx_word' id='word_1_115' title='bbox 210 3359 294 3415; x_wconf 88' lang='lat' dir='ltr'>dedit</span> <span class='ocrx_word' id='word_1_116' title='bbox 312 3377 379 3415; x_wconf 89' lang='lat' dir='ltr'>esse</span> <span class='ocrx_word' id='word_1_117' title='bbox 399 3359 481 3415; x_wconf 88' lang='lat' dir='ltr'>inter</span> <span class='ocrx_word' id='word_1_118' title='bbox 499 3361 657 3415; x_wconf 75' lang='lat' dir='ltr'>terrestria</span> <span class='ocrx_word' id='word_1_119' title='bbox 677 3361 802 3416; x_wconf 80' lang='lat' dir='ltr'>numine</span> <span class='ocrx_word' id='word_1_120' title='bbox 821 3379 933 3433; x_wconf 80' lang='lat' dir='ltr'>regem,</span> 
     </span>
    </p>
   </div>
   <div class='ocr_carea' id='block_1_8' title="bbox 147 3447 926 3610">
    <p class='ocr_par' dir='ltr' id='par_1_13' title="bbox 147 3447 926 3610">
     <span class='ocr_line' id='line_1_27' title="bbox 147 3447 883 3520; baseline 0.003 -16"><span class='ocrx_word' id='word_1_121' title='bbox 147 3450 251 3520; x_wconf 89' lang='lat' dir='ltr'>Atque</span> <span class='ocrx_word' id='word_1_122' title='bbox 270 3447 353 3504; x_wconf 85' lang='lat' dir='ltr'>vices</span> <span class='ocrx_word' id='word_1_123' title='bbox 374 3464 495 3504; x_wconf 83' lang='lat' dir='ltr'>servare</span> <span class='ocrx_word' id='word_1_124' title='bbox 515 3468 586 3505; x_wconf 83' lang='lat' dir='ltr'>sues</span> <span class='ocrx_word' id='word_1_125' title='bbox 604 3449 741 3520; x_wconf 86' lang='lat' dir='ltr'>latioque</span> <span class='ocrx_word' id='word_1_126' title='bbox 760 3451 883 3506; x_wconf 80' lang='lat' dir='ltr'>locavit.</span> 
     </span>
     <span class='ocr_line' id='line_1_28' title="bbox 153 3538 926 3610; baseline 0.005 -18"><span class='ocrx_word' id='word_1_127' title='bbox 153 3538 200 3592; x_wconf 76' lang='lat' dir='ltr'>Tu</span> <span class='ocrx_word' id='word_1_128' title='bbox 221 3543 313 3608; x_wconf 82' lang='lat' dir='ltr'>ceput</span> <span class='ocrx_word' id='word_1_129' title='bbox 332 3544 362 3592; x_wconf 91' lang='lat' dir='ltr'>et</span> <span class='ocrx_word' id='word_1_130' title='bbox 381 3538 510 3609; x_wconf 80' lang='lat' dir='ltr'>triplicis</span> <span class='ocrx_word' id='word_1_131' title='bbox 529 3539 616 3610; x_wconf 82' lang='lat' dir='ltr'>regni</span> <span class='ocrx_word' id='word_1_132' title='bbox 635 3538 795 3596; x_wconf 86' lang='lat' dir='ltr'>redimitus</span> <span class='ocrx_word' id='word_1_133' title='bbox 813 3540 926 3596; x_wconf 88' lang='lat' dir='ltr'>honore</span> 
     </span>
    </p>
   </div>
   <div class='ocr_carea' id='block_1_9' title="bbox 150 3627 1087 3704">
    <p class='ocr_par' dir='ltr' id='par_1_14' title="bbox 150 3627 1087 3704">
     <span class='ocr_line' id='line_1_29' title="bbox 150 3627 1087 3704; baseline 0.005 -22"><span class='ocrx_word' id='word_1_134' title='bbox 150 3628 258 3702; x_wconf 75' lang='lat' dir='ltr'>Tuque</span> <span class='ocrx_word' id='word_1_135' title='bbox 271 3627 429 3684; x_wconf 89' lang='lat' dir='ltr'>hominum</span> <span class='ocrx_word' id='word_1_136' title='bbox 449 3627 598 3700; x_wconf 80' lang='lat' dir='ltr'>princeps,</span> <span class='ocrx_word' id='word_1_137' title='bbox 611 3627 726 3684; x_wconf 78' lang='lat' dir='ltr'>Divum</span> <span class='ocrx_word' id='word_1_138' title='bbox 740 3630 793 3704; x_wconf 89' lang='lat' dir='ltr'>qui</span> <span class='ocrx_word' id='word_1_139' title='bbox 805 3649 891 3690; x_wconf 71' lang='lat' dir='ltr'>saera,</span> <span class='ocrx_word' id='word_1_140' title='bbox 903 3631 1087 3700; x_wconf 82' lang='lat' dir='ltr'>ministrent,</span> 
     </span>
    </p>
   </div>
   <div class='ocr_carea' id='block_1_10' title="bbox 0 0 1280 4176">
    <p class='ocr_par' dir='ltr' id='par_1_15' title="bbox 0 0 1280 4176">
     <span class='ocr_line' id='line_1_30' title="bbox 0 0 1280 4176; baseline 0 0"><span class='ocrx_word' id='word_1_141' title='bbox 0 0 1280 4176; x_wconf 95' lang='lat' dir='ltr'> </span> 
     </span>
    </p>
   </div>
  </div>
 </body>
</html>
