2550 4176
232 283 310 326 mv

235 407 341 491 bella,
373 405 418 472 ha
448 406 547 472 tratti
578 405 808 490 meravigliosi
839 403 874 470 di
905 405 1022 492 poesia
1053 405 1152 473 calda
1185 431 1204 473 e

238 545 336 590 vera:

255 768 400 824 “Felices
420 766 548 822 nimium
567 767 675 838 violae,
695 785 769 838 quas
790 766 940 837 carpserit
959 765 1013 820 illa

289 854 446 909 “Dextera
464 870 543 924 quae
565 852 711 907 miserum
729 870 776 907 me
797 852 872 906 mihi
890 851 1065 923 subripuit!

206 986 213 995 ..
254 938 363 1006 “Quas
382 937 476 993 roseis
494 936 597 1009 digitis
616 936 750 991 formoso
770 937 940 992 admoverit
959 937 1004 991 ori

290 1023 368 1079 “Illi
391 1025 469 1080 unde
490 1023 522 1078 in
541 1040 592 1080 me
612 1024 731 1096 spicula
749 1030 872 1096 torquet
891 1024 995 1079 amor!

254 1108 420 1164 “Forsitan
440 1116 472 1164 et
490 1108 575 1165 vobis
598 1110 674 1164 haec
695 1108 781 1163 illinc
800 1107 899 1179 gratia
918 1106 1012 1175 venit,

288 1194 435 1249 “Tantus
454 1194 550 1248 bonor
569 1194 707 1248 dominae
727 1192 822 1264 spirat
840 1194 877 1248 ab
898 1211 950 1248 ore
970 1195 1073 1249 meae!

254 1276 391 1349 “Aspice
411 1278 542 1333 lacteolo
563 1278 718 1333 blanditur
737 1284 773 1333 ut
790 1275 846 1332 illa
865 1278 977 1345 colore,

290 1363 427 1436 “Aspice
445 1364 607 1435 purpureis
626 1371 662 1418 ut
680 1364 770 1419 rubet
788 1363 862 1418 haec
881 1363 982 1419 foliis:

254 1448 338 1504 “Hic
359 1451 442 1505 color
460 1456 509 1505 est
528 1449 676 1517 dominae,
696 1467 782 1504 roseo
803 1467 872 1504 cum
891 1450 980 1504 dulce
1002 1451 1115 1520 pudore

290 1533 418 1605 “Pingit
437 1533 585 1589 lacteolas
604 1552 739 1606 purpura
758 1539 846 1604 grata
864 1552 965 1605 genas.

254 1618 380 1685 “Quam
398 1619 519 1675 dulcem
538 1618 638 1686 labris,
658 1637 750 1692 quam
768 1620 829 1674 late
850 1619 946 1690 spirat
964 1620 1106 1677 odorem!

290 1703 368 1771 “En,
388 1703 496 1773 violae,
516 1703 549 1759 in
567 1703 655 1759 vebis
676 1703 728 1757 ille
748 1704 894 1760 remansit
912 1705 993 1759 odor.

254 1787 300 1844 “0
320 1787 494 1844 fortunatae
514 1788 621 1855 violae,
642 1805 709 1842 mea
728 1787 801 1856 vita,
822 1807 982 1861 meumque

289 1872 303 1902 “
315 1873 476 1941 Delicium,
495 1892 512 1928 o
533 1873 625 1928 animi
644 1881 750 1944 portus
771 1881 801 1929 et
821 1892 894 1927 aura
912 1872 980 1941 mei,

253 1957 305 2012 “A
326 1958 412 2013 vobis
431 1959 548 2025 saltem,
570 1958 679 2025 violae,
699 1965 787 2029 grata
806 1959 911 2014 oscula
930 1976 1059 2029 carpam,

289 2042 303 2072 ‘⁴
314 2045 376 2099 Vos
395 2043 483 2099 avida
502 2049 625 2114 tangam
645 2049 753 2114 terque
775 2049 944 2115 quaterque
963 2060 1063 2118 manu,

254 2127 340 2185 “Vos
357 2128 492 2184 lacrimis
510 2128 627 2183 satiabo
647 2127 723 2182 meis
743 2145 819 2200 quae
839 2134 956 2183 moesta
974 2145 1029 2198 per
1047 2145 1100 2182 ora

287 2211 302 2242 “
317 2214 436 2285 Perque
455 2213 557 2269 sinum
576 2212 640 2269 vivi
658 2211 796 2267 fluminis
815 2211 911 2267 instar
931 2219 1015 2267 aunt.

253 2294 268 2326 “
279 2296 448 2353 Combibite
461 2298 515 2353 has
527 2298 675 2365 lacrimas,
697 2316 773 2367 quae
789 2300 891 2354 lentae
904 2297 1016 2369 pabula
1034 2295 1174 2351 flammae

288 2381 428 2438 “Saevus
448 2400 532 2437 amor
550 2381 662 2438 nostris
680 2383 824 2454 exprimit
843 2401 882 2438 ex
901 2382 1009 2438 oculis·

253 2465 267 2494 ‘⁴
278 2463 382 2522 vivire
401 2473 591 2538 perpetuum,
610 2466 718 2535 violae,
738 2485 796 2523 nec
815 2467 930 2524 solibus
949 2474 1051 2522 aestus

289 2548 303 2578 “
315 2551 378 2605 Nec
397 2567 452 2607 vos
471 2551 604 2607 mordaci
623 2551 737 2624 frigore
757 2558 861 2623 carpat
879 2552 994 2625 hyems.

253 2632 381 2691 “Vivite
400 2642 591 2707 perpetuum,
613 2636 716 2692 miseri
736 2637 872 2693 solamen
891 2636 1010 2705 amoris,

289 2717 337 2775 “0
356 2718 463 2787 violae,
484 2737 501 2773 0
523 2720 622 2776 nostri
640 2728 726 2791 grata
746 2721 834 2793 quies
854 2721 955 2776 animi.

253 2796 340 2854 “Vos
361 2799 445 2855 eritis
465 2818 586 2857 mecum
605 2818 734 2872 semper,
754 2820 809 2858 vos
828 2819 948 2873 semper
966 2801 1081 2869 amabo,

289 2883 303 2913 “
315 2884 490 2956 Torquebor
508 2885 634 2956 pulchra
653 2887 725 2941 dum
744 2887 835 2941 miser
854 2906 871 2941 a
889 2887 1018 2955 domina,

253 2969 417 3041 “Dumque
439 2968 615 3040 cupidineae
636 2978 761 3042 carpent
780 2990 848 3027 mea
866 2977 991 3043 pectora
1008 2970 1156 3040 fiammae,

287 3054 392 3109 “Dum
411 3072 530 3110 mecum
547 3055 672 3111 stabunt
691 3062 723 3111 et
741 3056 885 3112 lacrimae
905 3063 936 3112 et
954 3056 1094 3128 gemitus.
1109 3060 1115 3085 ¹

236 3222 268 3287 Il
280 3223 411 3289 Bembo
426 3233 543 3305 stess0,
559 3224 695 3311 quando
709 3233 812 3292 canta
823 3227 989 3294 Lucrezia
1001 3227 1139 3312 Borgia,
1156 3226 1201 3292 ha

237 3338 334 3405 tratti
352 3337 388 3405 di
403 3339 518 3427 poesia
534 3349 734 3408 veramente
751 3343 891 3410 sentite:

275 3562 282 3589 ¹
299 3558 344 3610 Ad
360 3559 447 3611 violas
464 3560 643 3627 (Elegiarum
659 3563 731 3628 Lib.)
