2550 4176
555 590 609 644 IV·

256 737 323 804 AD
346 737 533 806 VILLAM
555 737 912 806 MERGELLINAM

407 881 642 937 (Epigrammaton,
658 881 714 926 Lib.
729 880 756 932 ι.)

222 1087 319 1158 Rupis
338 1104 356 1142 o
374 1106 487 1160 sacrae,
507 1088 666 1161 pelagique
686 1095 790 1145 custos

260 1177 342 1232 Villa
361 1178 569 1250 Nympharum
588 1178 703 1245 domus,
725 1184 756 1235 et
773 1179 961 1252 propinquae

257 1266 394 1334 Doridos,
413 1284 520 1338 regum
539 1267 632 1323 decus
651 1287 712 1323 una
731 1269 882 1340 quondam

644 1355 855 1428 Deliciacque;

221 1459 309 1513 Nunc
329 1457 404 1514 meis
424 1464 545 1513 tantum
563 1458 683 1531 requies
702 1459 873 1530 Gamoenis3

255 1547 349 1606 Urbis
367 1548 482 1604 invisas
501 1549 623 1619 quoties
642 1549 790 1621 querelae,

256 1643 297 1695 Et
315 1658 422 1711 parum
440 1640 516 1696 fidos
537 1639 692 1711 popularis
711 1658 802 1696 aurae

644 1729 827 1799 Linquimus
846 1736 966 1785 aestus:

220 1832 266 1899 Tu
285 1831 361 1886 mihi
379 1831 460 1887 solos
483 1849 643 1886 nemorum
662 1849 801 1887 recessus

256 1925 315 1978 Das
335 1928 366 1977 et
384 1921 544 1977 haerentes
562 1940 617 1993 per
636 1939 731 1993 opaca
748 1922 853 1978 laurus

255 2012 345 2066 Saxa:
365 2017 400 2066 tu
418 2011 528 2077 fontes
549 2010 833 2083 Aganippidumque

643 2103 741 2156 Antra
758 2102 901 2157 recludis.

218 2205 294 2260 Nam
313 2205 405 2261 simul
424 2209 454 2260 tc
475 2209 506 2259 te
526 2210 640 2275 repeto,
660 2211 790 2276 tuasque

252 2296 381 2350 Sedulus
400 2311 521 2349 mecum
539 2312 669 2349 veneror
688 2294 838 2365 Napaeas:

251 2385 344 2457 Colle,
364 2382 553 2455 Mergellina,
573 2389 627 2438 tuo
648 2391 772 2456 repente

643 2472 767 2544 Pegasis
788 2473 871 2530 unda

217 2576 332 2646 Effluit,
353 2577 390 2632 de
410 2596 470 2649 qua
489 2576 599 2633 chorus
618 2575 682 2647 ipse
701 2577 823 2642 Phoebi,

253 2668 292 2722 Et
313 2666 397 2721 chori
415 2666 555 2722 Phoebus
573 2671 668 2737 pater,
687 2671 781 2738 atque
800 2667 948 2739 princeps,

250 2756 368 2811 Nititur
386 2757 492 2826 plures
509 2755 584 2813 mihi
599 2755 662 2827 jam
681 2754 804 2810 canenti

638 2848 758 2900 Ducere
779 2845 870 2902 rivos.

217 2948 296 3017 Ergo
317 2954 351 3002 tu
371 2945 458 3001 nobis
477 2945 608 3002 Helicon
629 2953 660 3002 et
678 2946 756 3002 udae

250 3035 398 3091 Phocidos
417 3035 521 3100 saltus,
540 3035 720 3106 hederisque
740 3054 868 3107 opacum

252 3123 399 3195 Thespiae
419 3123 503 3193 rupis
522 3141 637 3188 nemus
657 3129 689 3178 et
709 3141 819 3178 canoro

640 3211 763 3268 Vertico
781 3213 903 3269 Pindus.

215 3313 238 3378 Ι,
257 3331 341 3384 puer,
360 3313 465 3368 blandi
485 3313 627 3368 comitem
645 3314 758 3369 laboris

133 3395 135 3398 ⁴
250 3401 370 3458 Affers
391 3401 488 3474 prima
508 3401 655 3457 citharam
676 3403 830 3474 columna3

250 3489 335 3546 Affcr
355 3496 386 3545 et
403 3489 509 3559 flores;
529 3492 637 3563 procul
656 3491 753 3547 omnis
773 3510 791 3545 a
810 3510 857 3547 me

639 3580 718 3637 Oura
736 3579 865 3636 recedat.
