2550 4176
153 308 205 367 172

238 415 301 471 Neo
320 422 350 472 te
369 415 429 470 mei
448 413 603 473 miserebit
622 432 769 488 unquam,
790 433 848 472 neo
867 414 944 471 mihi

274 507 369 580 Opem
387 505 537 579 benignus
556 505 686 563 afferes?

238 601 286 655 1111
303 598 401 655 hostis
420 604 455 654 ut
474 615 522 653 me
541 597 665 653 territat
684 597 848 653 minaciter

274 690 437 762 Antiquus,
456 697 548 761 atque
568 696 639 744 tuae
658 689 765 760 procul

238 781 318 836 Rata
335 786 426 837 vocat
445 797 498 852 spe
517 779 666 836 maximae
687 778 879 846 elementiae,

273 871 425 942 Nulloque
445 888 506 925 non
524 869 627 941 pergit
645 871 712 924 loeo

238 959 418 1016 Severitatis
437 977 485 1014 me
505 965 576 1015 tuae
596 958 757 1015 formidine

271 1051 388 1120 Urgere
407 1067 507 1115 saeva,
527 1055 559 1104 et
579 1050 698 1105 aeribus

238 1139 384 1193 Fodioare
404 1138 537 1193 stimulis
556 1139 698 1194 intimum
718 1145 824 1210 peetus
844 1156 956 1205 meum,

275 1226 336 1294 Qui
354 1225 428 1280 mihi
446 1244 499 1282 cor
516 1227 658 1281 uloerant
675 1226 740 1282 dies

238 1319 420 1389 Nomasque,
439 1323 543 1388 gratae
563 1298 619 1371 n⁸eo
639 1316 750 1388 quietis
768 1332 896 1372 munere

272 1408 383 1463 Sinunt
403 1405 505 1477 cupito
525 1405 659 1477 perfrui:

238 1498 326 1565 Quod
346 1497 372 1551 is
391 1515 439 1552 me
458 1496 626 1551 identidem
645 1497 754 1553 asserit
774 1516 932 1570 nunquam
952 1499 983 1554 in
1003 1505 1080 1554 tuam

273 1586 384 1642 Redire
402 1603 491 1657 posse
509 1586 638 1657 gratiam

238 1676 316 1731 'Pota
334 1675 527 1747 inquinatum
546 1682 656 1746 mente,
676 1680 742 1731 toto
763 1693 896 1747 torpore,

275 1765 338 1836 Ipsi
356 1764 430 1819 mihi
448 1764 666 1835 turpissimum.

238 1856 286 1911 Ah
305 1855 342 1910 ah
361 1855 433 1926 quid
451 1855 484 1908 hi
501 1873 548 1908 me
567 1855 684 1910 tamdiu
702 1855 871 1912 miserrime

274 1945 411 2001 'Fertoris
430 1952 546 2016 angunt
564 1946 718 2025 vortices?

238 2038 286 2092 Au
305 2035 363 2089 hoo
381 2052 418 2089 eo
436 2035 479 2100 fit,
500 2035 569 2090 luoe
589 2037 670 2108 quod
691 2037 786 2092 semel
806 2042 877 2092 tuae

274 2127 301 2180 A
320 2123 460 2179 veritatis
480 2124 576 2195 arina,

238 2214 366 2270 Perinde
386 2213 473 2284 quasi
492 2220 527 2269 tu
546 2215 659 2282 nullus,
679 2221 734 2271 aut
752 2233 903 2288 nusquam
922 2215 1005 2271 fores

275 2305 342 2372 Quo
362 2304 453 2374 plena
471 2304 584 2360 scimus
605 2304 713 2371 omnia,

237 2395 374 2449 Mearum
392 2411 448 2464 ago
467 2392 569 2448 omnia
587 2392 707 2459 virium,
729 2400 854 2449 sanotae
871 2393 954 2454 ¹nihil

274 2482 346 2553 Opis
366 2489 437 2537 tuae
457 2482 585 2537 fiducia:

238 2573 356 2644 Perque
374 2588 469 2643 usque
489 2588 585 2626 vanas
607 2571 793 2627 somniorum
812 2571 960 2643 imagines

272 2663 352 2716 Dum
369 2659 518 2731 gloriosus
537 2661 666 2726 ambulo,

239 2752 312 2808 Tuis
330 2751 446 2806 relictis
465 2749 583 2822 legibus
602 2749 803 2806 sanctissimis

274 2842 375 2897 Foeda
394 2841 505 2896 obruor
523 2839 662 2910 ealigine,

239 2931 421 3003 Opinionum
439 2929 637 3000 pessimarum
655 2935 687 2983 et
706 2947 724 2983 a
742 2929 789 2983 tui

272 3022 383 3075 Amore
402 3020 491 3090 longe
511 3016 671 3089 distrahor,

239 3112 331 3183 OuJ’us
350 3129 397 3166 me
417 3109 603 3181 oportuisset
622 3109 708 3175 eheu,
725 3106 841 3179 jamdiu

276 3201 434 3273 Flagrasse
455 3200 548 3256 sacris
568 3198 698 3270 ignibus.

238 3290 303 3356 Sed,
324 3306 340 3343 o
359 3297 429 3345 tuos
448 3292 538 3345 beare
558 3288 611 3361 qui
629 3285 715 3344 solus
734 3292 830 3358 poteS,

277 3382 395 3436 Nedum
411 3382 528 3453 juvare,
550 3378 711 3450 supplices,

241 3471 302 3538 Qui
321 3471 379 3526 rite
398 3478 539 3526 sanetum
558 3485 670 3524 nomen
689 3471 839 3537 usurpant
856 3471 951 3533 tuum¹

274 3563 412 3633 Vereque
433 3577 465 3615 se
484 3558 587 3614 dicant
605 3557 670 3632 tibi,
