2550 4176
303 283 336 336 14

389 386 489 452 Quare
508 402 654 452 meorum,
675 404 692 440 ο
711 403 786 440 aura
804 383 915 457 suavia,
935 385 1064 457 ignium,

424 476 497 531 Dies
515 493 640 548 agamus
660 475 811 544 candidos,

424 565 598 637 Noctesque
617 564 705 622 divae
724 570 917 622 conteramus
934 564 1074 635 integras

423 659 507 725 Quae
529 676 618 716 mane
637 659 723 716 lueet
740 660 896 732 hesperus.

768 998 811 1048 11.

538 1182 737 1253 HYMNUS
760 1183 812 1250 IN
835 1184 1030 1251 NOCTEM

652 1353 795 1408 (Amorum,
810 1353 867 1398 Lib.
881 1354 909 1407 r.)

419 1552 487 1608 Nox
506 1551 616 1607 amoris
637 1551 765 1619 conseia,
785 1568 862 1624 quae
881 1552 1000 1610 furenti

419 1642 513 1698 Ducis
534 1635 670 1714 optaram
685 1642 793 1713 juveni
810 1644 953 1714 puellam,

419 1731 514 1786 Grata
532 1732 586 1786 Die
605 1729 731 1800 magnis,
752 1736 784 1785 ea
803 1730 901 1786 amica
918 1731 1046 1788 blandae

561 1820 629 1874 Nox
648 1819 726 1874 bona
745 1820 859 1875 Lunae.

417 1909 516 1974 Quam
535 1908 642 1963 colunt
659 1926 752 1963 unam
771 1908 955 1980 Genusque,
974 1910 1158 1983 Hymenque

417 1999 458 2052 Et
476 2015 532 2052 suo
551 1997 684 2068 gaudens
702 1996 836 2069 Erycina
854 2004 936 2065 nato,

419 2087 494 2141 Cum
513 2085 598 2141 ferus
617 2086 698 2141 diras
717 2085 802 2141 acuit
813 2085 952 2157 sagittae,

560 2174 672 2229 'rendit
691 2181 722 2229 et
740 2193 856 2230 areum.

417 2265 441 2318 Ο
460 2261 629 2332 voluptatis
650 2279 751 2318 eomes
771 2269 802 2317 et
821 2261 962 2318 ministra

418 2352 503 2418 Quae
522 2353 600 2406 bona
620 2369 658 2406 ex
676 2357 707 2406 te
724 2351 786 2407 fert
804 2352 957 2407 thalamus
975 2359 1132 2425 torusque,

417 2440 497 2506 Ques
516 2458 606 2511 sopor
624 2438 686 2494 fert
706 2439 874 2506 illeeebrae,
892 2440 1039 2512 jocosque

557 2529 748 2600 Deliuasque
761 2527 767 2582 !

415 2618 497 2684 Quas
516 2617 606 2672 simul
623 2617 724 2687 juncti
742 2616 863 2673 faciunt
881 2623 1019 2673 amantes

416 2707 502 2761 Inter
521 2707 679 2777 amplexus
698 2705 910 2776 trepidumque
930 2723 1074 2774 murmur,

418 2797 503 2850 Inter
523 2802 553 2851 ea
572 2795 661 2850 ludos
680 2800 861 2866 tenerasque
881 2795 970 2862 rixas,

558 2887 639 2939 Dum
657 2881 734 2937 furit
753 2882 855 2937 ardor!
931 2912 934 2919 ·

416 2976 496 3028 Dum
515 2972 631 3027 micant
650 2971 771 3042 linguis,
791 2970 970 3044 animaeque
989 2971 1098 3028 flerem

345 3108 348 3114 .
415 3062 472 3115 Ore
486 3060 642 3115 deducunt
662 3059 800 3128 querulo,
820 3058 946 3130 parique

417 3149 588 3205 concidunt
606 3155 702 3217 motu,
722 3149 859 3204 resoluta
876 3156 1038 3222 postquam

557 3239 652 3293 Grata
670 3236 764 3292 libido
786 3245 842 3293 est.

416 3328 463 3382 Tu
482 3327 569 3399 quies
587 3311 760 3396 rerumque,
778 3326 938 3381 hominum
957 3327 1021 3382 sola

404 3417 463 3471 'Tu
481 3416 601 3486 graveis
621 3433 709 3470 curas
729 3422 760 3470 et
778 3432 881 3470 amara
899 3415 998 3470 fessae

415 3510 549 3563 Amovee
568 3506 671 3576 menti,
692 3512 723 3561 et
742 3505 863 3560 refoves
883 3504 1015 3576 benigno

557 3595 686 3651 Pectora
705 3611 819 3651 somno.
