2550 4176
272 437 356 496 'I'elis
373 437 472 494 Idalia
488 440 593 494 Venus

305 528 391 584 Silva
408 529 465 584 sub
483 528 575 584 viridi
588 527 672 595 jeeet

308 621 420 692 Myrto,
438 618 569 690 puniceo
587 618 659 672 hine
677 622 711 672 et
728 616 800 671 hine

304 707 412 763 Nimbo
430 714 515 764 teetr
533 725 680 764 rosarum.

270 809 330 866 Hie
349 809 405 866 fios
422 828 591 882 purpureas
609 827 702 880 snper

306 902 423 968 Vestes,
441 901 493 957 hic
510 919 603 971 super
620 919 729 957 eureos

303 987 419 1058 Crines,
438 988 488 1045 hic
506 989 587 1045 rosei
604 1007 697 1060 super

305 1079 373 1135 Oris
391 1079 477 1135 labra
495 1079 637 1135 cedebat:

266 1180 325 1235 Ille
343 1181 479 1253 gramine
499 1181 620 1237 roscido

300 1265 442 1332 Insterni,
460 1264 511 1321 hie
529 1264 628 1322 vitrea
644 1283 737 1337 super

301 1354 439 1426 Lympha
455 1372 537 1421 nare,
557 1354 636 1411 alius
654 1355 716 1410 cito
736 1356 769 1409 in

301 1443 419 1516 Gymm
437 1443 558 1499 turbine
578 1443 668 1500 verti.

268 1549 346 1604 Leni
363 1567 520 1606 murmure
539 1551 700 1606 candidum

303 1639 450 1695 Audisses
468 1640 642 1712 Zephyrum
659 1640 718 1695 tibi
753 1648 758 1658 '

299 1727 404 1782 Palam
422 1728 537 1783 dicere:
556 1737 663 1801 regnat
681 1728 732 1785 hie

297 1817 408 1872 Blandi
425 1824 522 1872 meter
539 1818 670 1874 Amoris.

265 1913 351 1969 Tune
369 1933 489 1970 meeum
507 1921 563 1984 ter,
583 1923 614 1971 et
632 1915 763 1986 amplius

298 2003 382 2058 Dixi:
402 2005 466 2062 Ant
482 2005 570 2061 venit
586 2006 624 2061 ab
642 2005 766 2060 aethere

297 2094 384 2149 Haec
402 2094 474 2162 alto,
494 2094 545 2150 vel
563 2095 715 2151 Oresdum

297 2181 385 2238 Certe
402 2182 560 2254 sanguinis
578 2202 639 2238 une
658 2190 715 2239 est.

260 2278 310 2335 Sic
328 2287 361 2335 et
380 2281 489 2337 blande
507 2281 699 2352 protervitas,

295 2369 344 2424 Sie
363 2377 395 2426 et
414 2371 583 2442 virgineum
600 2371 695 2428 decus

294 2458 369 2526 Oris,
394 2462 547 2534 verbaque
565 2460 667 2517 duleis

294 2549 409 2604 Memet-
426 2550 617 2606 abstulerant
635 2550 717 2617 mihi,

260 2658 305 2713 Ut
323 2657 454 2728 suspirie
471 2660 509 2714 ab
527 2659 636 2715 intimo

295 2748 438 2804 Fundens
455 2755 588 2820 pectore,
609 2748 730 2818 saepius

293 2835 448 2893 Dicerem:
466 2840 537 2893 Huc
556 2855 611 2908 ego
630 2855 692 2907 que
710 2836 761 2891 via

294 2927 401 2993 Quove
420 2932 555 2997 tempore
575 2926 665 2982 veni?

258 3026 335 3080 Nam
354 3042 444 3095 super
462 3025 593 3082 nitidum
611 3026 737 3081 aethera

293 3117 429 3172 Eveetns
448 3116 567 3170 volueri
585 3116 670 3187 pede,
691 3122 723 3170 et

293 3203 396 3274 Magni
415 3203 545 3258 coneilio
564 3205 585 3260 J
587 3203 653 3259 ovis

293 3294 445 3348 Interesse
464 3292 598 3348 videbar.

256 3394 316 3449 1110
335 3413 374 3450 ex
392 3400 528 3466 tempore
546 3394 695 3466 frigerans

292 3485 380 3551 Fons,
400 3491 432 3539 et
449 3491 537 3554 prete.
554 3485 698 3554 recentia,
717 3492 749 3541 et

293 3576 393 3632 Arbor
409 3574 516 3632 floride
533 3576 577 3634 sie
595 3578 670 3633 mihi

253 3680 258 3697 ··
291 3664 430 3723 Mentem
445 3682 549 3725 rmore
566 3666 708 3735 revinxit,
730 3742 734 3762 Ι
