2550 4176
1051 277 1103 334 123

179 370 308 438 Benace,
329 370 361 427 in
379 379 482 429 nostro
501 373 646 444 placidus
665 375 829 447 perlaberis
848 395 929 454 agro.

181 465 296 537 Tuque,
315 465 447 532 Athesis,
469 467 633 539 cunctique
653 485 757 523 amnes
776 469 893 524 salvete
913 470 1028 541 Latini,

156 604 158 619 ,
181 555 292 627 Diique
313 573 419 612 omnes
438 575 564 627 magnae
585 557 761 629 Hesperiae,
781 558 834 628 qui
852 561 975 616 saecula
994 561 1052 616 soli

143 624 158 684 l
177 648 279 701 Aurea
298 643 420 701 Saturni
438 645 535 717 primo
554 646 736 703 meministis
755 648 792 702 ab
810 665 899 703 aevo:

177 735 279 801 Quum
298 750 384 804 sepes
402 733 452 790 vel
470 734 559 789 limes
579 735 677 790 adhuc
697 737 907 793 communibus
926 738 1005 810 agris

148 864 152 905 ἒ
175 824 244 879 Non
262 821 342 876 foret
360 829 414 877 aut
432 823 490 877 ulli
508 823 663 879 variarent
679 823 788 896 jugera
807 825 899 896 sulci3

143 908 154 954 ³
177 913 289 983 Sponte
310 930 365 968 sua
383 912 436 968 sed
454 919 537 967 terra
555 912 642 968 ferax
660 914 746 969 daret
765 914 867 968 omnia
885 921 916 969 et
934 915 1015 986 ipsae

173 1001 357 1056 Praeberent
375 998 458 1056 dulci
480 1000 598 1056 victum
616 1003 653 1057 de
673 1002 780 1057 robore
799 1003 934 1074 glandes.

176 1154 312 1220 Quarum
330 1173 399 1226 pars
417 1156 543 1210 brumae
563 1154 724 1226 impatiens
745 1161 776 1210 et
795 1156 916 1212 condita
935 1163 1035 1215 terrae

171 1245 327 1314 Expectat
345 1262 399 1300 ver
416 1245 569 1316 egelidum
587 1246 738 1317 flatusque
758 1247 889 1310 Favoni,

172 1332 245 1388 Pars
264 1353 389 1405 passura
407 1334 547 1402 hiemem,
567 1334 650 1390 laeta
669 1335 705 1389 ab
724 1334 824 1389 radice
844 1334 978 1403 virescit,

169 1420 354 1494 Emittitque
375 1442 492 1479 comam
511 1423 703 1494 siculumque
724 1430 812 1496 atque
834 1424 931 1479 altera
949 1425 1020 1481 beta

167 1515 270 1585 Atque
288 1512 333 1568 ari
351 1513 463 1569 virides
483 1519 516 1567 et
534 1513 701 1568 odoriferae
720 1512 923 1567 calaminthae

167 1603 267 1674 Atque
289 1603 363 1668 olus,
383 1608 474 1673 atque
492 1619 598 1657 rumex
617 1608 648 1656 et
666 1601 737 1656 falsi
755 1601 891 1672 gramina
910 1602 1040 1657 crithini.

171 1691 253 1757 Quas
271 1690 353 1744 inter
371 1707 481 1745 suaves
500 1690 668 1761 mollesque
688 1690 802 1759 aspirat
820 1690 926 1745 odores

166 1781 254 1834 Nunc
273 1779 365 1834 decus
382 1779 548 1846 hortorum,
568 1785 686 1832 menta:
707 1784 746 1843 at,
767 1778 794 1835 si
812 1797 886 1834 vera
904 1779 1074 1852 loquuntur

165 1868 373 1939 Nympharum
392 1866 767 1941 quondameulcherrima
784 1867 1031 1939 Grajugenarum,

164 1958 242 2012 Tum
257 1957 346 2034 juvat
365 1963 396 2012 et
414 1957 537 2012 frondes
556 1957 616 2028 apii
636 1963 667 2012 et
685 1957 845 2030 sisymbria
863 1959 944 2012 laeta

164 2047 335 2118 Intubaque
355 2054 389 2101 et
410 2052 473 2101 toto
492 2045 635 2101 florentes
654 2045 766 2116 frigore
785 2047 913 2102 soncbos

162 2135 299 2191 Incolere
319 2141 410 2208 atque
435 2135 533 2190 hortis
551 2134 736 2222 Quilonem
755 2153 858 2191 arcere
878 2141 1051 2230 nocpntem.

162 2277 229 2331 Nox
247 2277 333 2331 venit
353 2284 383 2332 et
400 2272 505 2348 pistae
526 2278 657 2334 redeunt
676 2280 712 2334 ad
732 2285 815 2334 tecta
834 2280 978 2350 capellae.

160 2366 236 2420 Prae
256 2383 345 2436 caper
364 2365 396 2438 it,
417 2367 467 2422 cui
485 2368 577 2422 barba
592 2367 688 2438 jubat,
709 2368 759 2423 cui
778 2387 892 2424 cornua
910 2369 1045 2438 pendent

158 2455 278 2509 intorta
297 2462 327 2510 et
345 2456 474 2525 grandes
493 2456 574 2511 olido
593 2457 630 2512 de
651 2475 775 2528 corpore
793 2464 886 2513 setae.

157 2546 240 2600 Pone
259 2562 382 2617 gregem
401 2545 551 2617 reliquum
571 2547 728 2617 compellit
747 2547 893 2603 arundine
914 2547 1000 2618 virgo

157 2637 269 2706 Upilio,
289 2638 387 2691 multo
407 2644 564 2692 armantur
585 2637 634 2692 cui
653 2639 756 2693 baltea
774 2637 853 2694 fuso.

157 2729 199 2782 At
217 2732 316 2781 mater
335 2727 492 2796 longaeva,
514 2728 577 2799 igni
595 2729 667 2784 dum
686 2729 819 2785 brassica
836 2727 937 2786 fervet

157 2813 292 2868 Mulctra
311 2812 399 2869 effert
417 2815 605 2887 gravidoque
626 2834 733 2872 recens
751 2817 799 2872 lac
818 2818 911 2872 ubere
932 2818 1056 2889 mulget.

155 2901 304 2957 Rusticus
323 2903 441 2959 interea
459 2903 580 2974 pinguis
599 2906 746 2960 collector
765 2906 862 2961 olivae

156 2993 279 3046 Interea
299 3000 330 3046 et
349 2991 466 3047 validus
485 2995 582 3064 prima
600 2995 637 3048 de
656 3001 748 3049 nocte
767 2995 917 3050 bubulcus

152 3080 312 3137 Advenere
332 3082 469 3137 domum:
491 3091 635 3154 congesta
654 3090 721 3139 tum
738 3081 826 3140 focus
846 3103 919 3140 orno

151 3169 283 3241 Ingenti,
303 3177 356 3225 aut
375 3171 452 3242 fago,
472 3172 523 3226 vel
541 3171 689 3244 fragmine
710 3173 833 3242 roboris,
853 3174 947 3230 ardet.

152 3258 319 3313 'Pelluntur
336 3259 435 3314 laetae
456 3260 603 3334 flammae,
622 3261 744 3333 lateque
764 3263 911 3318 relucent.

151 3402 194 3455 At
212 3417 334 3455 nemora
353 3407 383 3456 et
401 3400 524 3472 liquidis
542 3401 698 3456 manantia
717 3401 853 3456 fontibus
872 3419 945 3457 arva

150 3490 192 3543 Et
208 3489 345 3560 placidus
365 3498 498 3564 myrteta
516 3492 597 3546 inter
615 3492 777 3563 laurosque
797 3491 934 3547 virentes

148 3578 275 3635 Vicinus
294 3579 391 3635 nitido
411 3582 553 3638 Benacus
573 3582 686 3639 labitur
703 3599 801 3638 amne.
