2550 4176
212 257 247 315 78

265 361 335 417 Scin
353 377 461 416 verum
478 359 612 430 quaeso?
630 358 698 413 scin
716 364 759 427 tu,
779 357 917 414 Strozua‘?
936 356 982 412 eia
1000 374 1056 429 age
1075 356 1149 424 fare,

300 450 396 506 Maior
414 466 505 522 quam
522 448 636 518 populi,
656 449 782 514 Strozza,
803 447 877 502 fides
896 454 951 502 tua
969 440 1019 503 sit.

265 543 342 599 Nam
360 541 440 596 foret
458 540 533 595 haec
551 540 670 612 gravior
689 538 809 593 iactura
828 535 962 608 mihique
981 535 1099 610 tibique

300 633 340 686 Et
358 647 565 703 quaecumque
585 646 689 684 sacrae
708 626 859 682 Phocidos
878 632 967 682 antra
986 624 1105 695 iuvent,

265 721 362 787 Quam
381 720 493 776 vidisse
513 719 592 773 mala
610 724 794 789 tempestate
814 715 961 788 (improba
979 715 1057 773 secli

300 809 452 880 conditio)
472 809 580 875 clades,
602 814 634 864 et
652 806 734 862 Latii
753 806 922 873 interitum,

264 898 368 969 Nuper
386 899 423 952 ab
444 897 578 952 occiduis
597 896 717 952 illatum
736 897 888 969 gentibue,
912 895 985 950 olim

300 986 408 1043 Pressa
426 986 535 1059 quibus
554 993 658 1042 nostro
679 988 757 1042 colla
775 986 861 1041 fuere
880 984 962 1057 jugo.

264 1076 344 1144 Quid
362 1076 486 1133 nostra?
505 1094 543 1131 an
562 1076 651 1132 Gallo
671 1076 755 1148 regi?
775 1094 813 1130 an
832 1075 946 1130 servire
966 1073 1100 1130 Latino?

298 1165 329 1221 Si
346 1166 387 1221 sit
405 1165 485 1220 idem
504 1165 575 1220 hinc
594 1173 686 1238 atque
705 1165 776 1220 hinc
794 1183 856 1220 non
875 1165 942 1220 leve
962 1164 1132 1220 servitium.

262 1257 463 1313 Barbaricone
483 1274 548 1313 esse
570 1264 616 1313 est
634 1256 723 1329 pejus
742 1257 798 1312 sub
817 1255 960 1311 nomine?
978 1274 1072 1329 quam
1090 1257 1146 1312 sub

297 1346 451 1403 Moribus?
469 1346 508 1401 ah
526 1347 662 1414 ducibus,
682 1345 731 1412 dii,
751 1346 821 1401 date
840 1345 931 1417 digna
949 1346 1046 1401 malis.

262 1437 399 1502 Quorum
418 1454 508 1509 quam
526 1435 687 1507 imperium
705 1435 851 1507 gliscente
872 1436 1044 1509 Tyrannide
1062 1436 1156 1492 tellus

190 1512 193 1517 ’
299 1527 422 1582 Saturni
440 1527 544 1583 Gallos
563 1526 691 1599 pertulit
710 1532 780 1582 ante
801 1533 911 1594 truces,

261 1618 302 1672 Et
320 1622 438 1672 servate
457 1616 510 1672 diu
528 1617 711 1688 doctumque
731 1615 873 1688 piumque
893 1616 1068 1684 Marullum,

296 1705 485 1779 Redditeque
505 1711 645 1761 actutum
663 1706 808 1777 sospitem
827 1723 897 1762 eum
916 1704 1014 1772 sociis,

263 1795 324 1862 Qui
341 1795 456 1865 poterit
474 1795 557 1850 dulci
576 1794 704 1868 eloquio,
725 1794 908 1868 monitisque
927 1794 1044 1850 severis

296 1886 380 1952 Quos
397 1903 552 1941 musarum
572 1886 685 1942 haustu
703 1887 834 1958 plurimo
852 1886 889 1940 ab
908 1901 996 1938 amne
1015 1882 1099 1950 tulit,

261 1973 402 2029 Liberam
420 1980 453 2030 et
470 1975 637 2031 immunem
657 1976 770 2044 (vincto
790 1975 849 2031 etsi
868 1973 1004 2045 corpore)
1025 1979 1158 2027 mentem

297 2064 435 2120 Reddere
458 2070 489 2120 et
508 2083 596 2121 omne
616 2065 716 2120 animo
736 2065 844 2120 tollere
864 2063 1036 2120 servitium.

260 2153 305 2209 Sit
323 2153 397 2209 satis
416 2155 575 2226 abreptum
594 2172 691 2226 nuper
708 2153 828 2212 flevisse
849 2159 1015 2224 parentem,

296 2244 344 2300 Ah
362 2261 454 2315 grave
473 2250 521 2299 tot
539 2262 587 2299 me
606 2264 668 2301 uno
688 2252 822 2317 tempore
843 2245 953 2300 damna
971 2242 1052 2315 patil

261 2333 463 2389 Tarchoniota
481 2351 554 2388 aura
574 2335 708 2390 aetheria
726 2340 877 2399 vescatur,
897 2340 929 2389 et
945 2333 1016 2388 inde

296 2424 423 2479 Caetera
441 2423 504 2480 sint
522 2423 623 2479 animo
642 2424 751 2479 damna
769 2423 894 2480 ferenda
912 2423 1000 2478 bono.

260 2514 329 2570 Scin
349 2531 455 2569 verum
474 2513 607 2586 quaeso?
625 2513 690 2569 scin
709 2520 752 2581 tu,
772 2513 912 2569 Strozza?
931 2512 980 2568 eia
997 2529 1054 2584 age
1072 2511 1146 2579 fare,

294 2603 391 2660 Maior
409 2621 500 2676 quam
517 2603 630 2675 populi,
650 2604 777 2671 Strozza,
798 2604 870 2659 fides
889 2610 944 2659 tua
962 2602 1013 2660 sit.

259 2698 301 2752 At
319 2695 405 2752 iuvat
422 2694 480 2750 hoc
498 2695 601 2765 potius
619 2710 748 2764 sperare,
769 2695 849 2766 quod
868 2701 948 2764 opto:
967 2693 1135 2750 Marullum

294 2785 315 2839 J
317 2801 365 2837 am
384 2783 488 2839 videor
506 2785 589 2838 laeta
606 2782 705 2838 fronte
726 2783 829 2839 videre
848 2801 958 2838 meum.

259 2876 306 2929 An
325 2872 398 2944 quid
417 2875 502 2929 obest
520 2890 641 2944 sperare
659 2873 776 2928 homini
794 2873 867 2929 dum
884 2879 972 2946 grata
989 2872 1064 2928 sinit
1082 2873 1153 2928 res?

293 2965 363 3019 Heu
383 2964 517 3021 lacrimis
535 2980 653 3034 semper
671 2969 719 3019 sat
739 2981 821 3018 mora
839 2964 931 3036 longa
949 2962 1047 3018 datur.

240 3186 400 3231 L’uccisicne
415 3186 442 3232 di
455 3189 549 3232 Erccle
565 3189 663 3234 Strczzi
676 3201 794 3234 arvenna
804 3189 832 3232 la
844 3191 920 3232 nette
930 3187 997 3231 delfi
1011 3186 1039 3229 sl
1052 3185 1067 3230 6
1082 3184 1191 3242 Giugno

202 3254 246 3299 del
259 3256 319 3298 1508.
347 3255 373 3297 Il
392 3257 469 3308 poeta
491 3255 519 3299 la
535 3257 651 3300 mattina
672 3256 715 3301 dcl
728 3258 748 3307 6,
766 3269 812 3299 era
825 3257 930 3299 trovato
944 3253 1041 3297 disteso
1054 3253 1128 3297 sulla
1142 3253 1191 3298 via

200 3322 344 3375 all'angolo
353 3321 397 3365 del
407 3323 514 3375 palanzo
523 3324 594 3375 Este,
606 3323 711 3368 trafltto
722 3323 755 3368 da
764 3323 810 3377 pin
824 3323 850 3366 di
863 3322 938 3366 venti
947 3321 1099 3376 pugnalata
1112 3320 1190 3365 brut-

201 3391 258 3432 tatc
272 3387 299 3431 di
313 3400 416 3442 tangue,
432 3390 501 3433 colle
515 3390 616 3434 chiome
631 3395 774 3444 scompostc
790 3403 803 3434 c
818 3390 846 3433 in
859 3392 936 3444 parte
950 3389 1095 3442 strapprta.
1119 3388 1189 3432 Nes·

200 3466 264 3497 suno
278 3452 321 3496 dei
334 3453 405 3496 tanti
420 3453 467 3497 che
482 3455 602 3508 piansaro
617 3456 645 3498 la
659 3459 743 3500 morte
758 3455 802 3498 del
816 3455 920 3510 geniale
929 3457 1007 3509 poeta
1015 3452 1132 3497 account
1149 3454 1189 3497 al·

202 3520 314 3563 l'autore
330 3519 373 3562 del
386 3519 513 3564 misfatto.
528 3521 556 3564 Si
569 3522 643 3576 perid
657 3522 684 3566 di
699 3522 780 3566 rivali
793 3521 893 3566 occulti
906 3520 934 3564 di
947 3533 995 3566 sus
1007 3519 1105 3575 meglio
1119 3520 1187 3564 Bar·

201 3585 266 3631 bera
276 3585 383 3639 Torelli,
395 3589 498 3640 sposatu
508 3585 541 3633 da
550 3587 591 3634 lui
600 3590 646 3633 nel
656 3589 757 3648 Maggio
767 3587 795 3633 di
803 3589 961 3645 quell’anno.
972 3587 1083 3636 Alfonso
1093 3590 1188 3641 d'lrste
