2550 4176
150 285 186 341 48

171 388 242 444 Vidi
261 407 316 461 ego
339 396 370 444 te
390 389 502 444 summi
515 389 693 445 defunctum
713 408 839 446 munere
858 389 994 459 honoris,

203 477 274 532 Vidi
293 496 413 533 omnem
431 479 510 535 festa
529 496 602 550 pace
621 478 720 534 nitere
741 479 873 544 domum,

165 569 207 622 Et
226 566 284 622 nisi
304 585 349 621 me
370 567 483 638 gemini
502 574 631 637 possunt
650 567 694 621 nil
712 568 786 622 flere
806 573 958 637 parentes.

201 656 304 713 Parce.
326 655 426 726 igitur,
447 674 551 711 manes
569 655 735 711 sollicitare
753 655 833 727 pios3

168 744 271 810 Parce,
291 762 406 814 precor,
426 745 598 816 lachrymis,
619 745 745 817 conjux:
764 744 809 799 sic
828 745 930 800 laetus
949 744 982 798 in
1000 761 1087 798 auras

208 833 326 887 Evadet
345 836 453 888 tenues
472 833 599 904 spiritus
617 833 687 888 inde
707 851 793 889 meus

168 923 286 977 Moesta
305 924 357 977 sed
377 924 542 981 amborum,
564 922 654 978 nimis
672 923 710 976 ah
730 922 829 992 nimis,
850 940 902 977 ora
920 930 1080 993 parentum

204 1012 346 1066 Solam...
366 1013 435 1067 Heu
453 1018 557 1066 nostro
576 1018 679 1083 torpet
696 1011 728 1065 in
748 1029 798 1066 ora
812 1029 914 1066 sonus.

169 1101 239 1154 Heu
259 1100 374 1169 rapior!
396 1102 442 1154 Tu
461 1101 531 1156 vive
551 1101 632 1165 mihi,
654 1101 710 1156 tibi
729 1108 851 1155 mortua
868 1103 979 1156 vivam.

203 1189 342 1260 Caligant
363 1189 449 1243 oculi
458 1190 520 1261 jam
541 1189 615 1244 mihi
634 1195 732 1244 morte
751 1207 866 1260 graves.

169 1281 300 1350 Jamque
322 1279 396 1343 vale,
417 1296 434 1332 ο
454 1279 573 1350 conjux,
594 1278 737 1350 charique
754 1279 855 1360 valete
875 1283 1026 1348 parentes.

203 1369 273 1422 Heu
292 1367 398 1436 procul
419 1367 490 1421 hinc
511 1367 597 1438 nigra
620 1366 743 1422 condita
761 1373 852 1421 nocte
871 1366 960 1421 feror.

169 1456 217 1510 Sic
237 1455 294 1524 ait;
315 1462 346 1510 et
365 1456 485 1511 dulcem
510 1455 642 1511 moriens
662 1456 821 1526 complexa
840 1455 985 1510 maritum

204 1545 338 1611 Labitur,
359 1545 451 1616 inqua
471 1545 525 1600 illc
551 1564 660 1617 corpus
679 1545 770 1600 inane
785 1545 876 1616 jacet.

169 1630 284 1700 Corpus
302 1629 392 1683 inane
410 1629 493 1700 jacet
519 1629 610 1684 chara
630 1628 747 1685 cervice
766 1630 948 1684 recumbens

205 1713 356 1785 Conjugis.
376 1715 448 1768 Heu
467 1714 524 1768 fati
548 1714 650 1769 tristia
665 1715 734 1785 jura
749 1714 870 1784 gravis!

169 1805 235 1858 Hoc
255 1803 345 1858 licuit
363 1804 448 1858 vobis
468 1822 485 1857 0
504 1804 603 1858 ferrea
621 1810 753 1874 pectora,
772 1805 903 1857 Parcae:

205 1893 300 1947 Credo
322 1910 378 1963 egc
396 1892 458 1963 jam
477 1893 582 1947 divum
600 1893 726 1947 numina
744 1910 832 1960 posse
852 1892 939 1946 mori.

171 1982 247 2047 Quis
266 1999 355 2046 nunc,
377 1981 445 2051 quis
458 1982 588 2052 gemitus
607 1981 789 2036 miserorum
802 1988 834 2036 et
853 1983 946 2037 verba
965 1989 1118 2055 parentum

204 2070 328 2125 Nesciat
341 2070 372 2124 in
393 2071 487 2126 tantis
506 2071 567 2126 heu
589 2070 721 2142 repetita
739 2071 846 2126 malis?

169 2165 228 2220 Ora
246 2163 326 2233 rigat
346 2161 510 2233 lachrymis
528 2161 632 2231 frater,
655 2160 829 2233 rumpitque
850 2161 979 2231 capillos

204 2253 322 2306 Moesta
342 2269 436 2319 soror,
457 2257 578 2306 teneras
598 2255 629 2304 et
648 2257 732 2306 secat
747 2267 848 2321 ungue
868 2268 969 2322 genas.

169 2342 237 2396 Non
257 2356 345 2396 secus
363 2341 507 2394 hectoreo
528 2340 664 2411 trojanae
685 2340 717 2393 in
735 2341 843 2395 funere
857 2347 971 2397 matres

205 2427 376 2482 Fleverunt
395 2426 497 2482 scissis
517 2426 640 2497 publica
658 2425 722 2481 fata
741 2427 846 2483 comis.

168 2517 340 2588 Implentur
360 2517 490 2570 clamore
509 2518 596 2581 lares,
618 2517 747 2572 clamore
768 2517 922 2572 resultant

204 2606 299 2673 Atria,
319 2605 482 2661 luctisonis
501 2604 626 2660 fletibus
648 2606 718 2659 aula
737 2606 849 2660 fremit.

169 2695 236 2748 Heu
255 2693 328 2762 quid
347 2711 425 2764 agas,
445 2694 577 2764 conjux?
596 2710 672 2765 quae
691 2709 798 2749 vocem
815 2693 846 2748 in
866 2694 959 2749 verba
978 2695 1112 2750 relaxes?
1185 2713 1188 2720 ·

205 2784 269 2849 Quo
289 2783 364 2838 fletu
384 2783 505 2838 incuses
519 2783 621 2838 tristia
639 2784 702 2839 fata
721 2783 830 2840 miser?

169 2874 237 2928 Non
256 2873 426 2944 lachrymas
446 2873 635 2928 miserandus
653 2875 752 2946 habes,
773 2893 834 2929 non
853 2877 947 2931 verba
961 2876 1122 2945 dolentum5

204 2964 364 3020 Attonitus
382 2963 467 3035 pigro
486 2971 589 3035 torpet
607 2965 639 3019 in
658 2983 710 3020 ore
730 2983 829 3022 sonus.

168 3053 331 3108 Extinctae
351 3053 518 3124 ingeminas
537 3061 658 3109 tantum
676 3055 788 3112 misera
804 3057 915 3126 oscula,
935 3063 966 3111 ct
985 3065 1068 3113 arcte

204 3143 334 3213 Impedis
353 3144 494 3214 amplexu
513 3144 625 3214 frigida
643 3147 780 3201 membra
799 3152 867 3201 tuo:

172 3232 370 3304 Dilectosque
388 3232 499 3303 premis
517 3233 632 3304 vultus,
651 3233 763 3305 premis
783 3253 843 3301 ora,
863 3253 920 3290 nec
934 3236 1033 3291 ullum

205 3320 332 3376 Invenit
351 3320 489 3377 inclusus
507 3327 630 3392 pectore
650 3323 753 3378 luctus
772 3323 840 3378 iter.

168 3411 296 3483 Quoque
316 3412 411 3482 magis
425 3429 555 3466 mersum
574 3410 686 3480 premis
705 3412 767 3466 alto
785 3411 817 3466 in
837 3414 925 3468 corda
945 3415 1087 3485 dolorem,

202 3500 270 3556 Hoc
288 3501 381 3572 magis
400 3501 452 3556 ille
471 3498 554 3566 furit,
573 3505 694 3555 aestuat
712 3506 804 3573 atque
822 3502 924 3573 magis.
