<?xml version="1.0" encoding="UTF-8"?>
<!DOCTYPE html PUBLIC "-//W3C//DTD XHTML 1.0 Transitional//EN"
    "http://www.w3.org/TR/xhtml1/DTD/xhtml1-transitional.dtd">
<html xmlns="http://www.w3.org/1999/xhtml" xml:lang="en" lang="en">
 <head>
  <title>
</title>
<meta http-equiv="Content-Type" content="text/html;charset=utf-8" />
  <meta name='ocr-system' content='tesseract 3.04.00' />
  <meta name='ocr-capabilities' content='ocr_page ocr_carea ocr_par ocr_line ocrx_word'/>
</head>
<body>
  <div class='ocr_page' id='page_1' title='image "./antologiadellal00costgoog_0227.png"; bbox 0 0 2550 4176; ppageno 0'>
   <div class='ocr_carea' id='block_1_1' title="bbox 152 287 203 344">
    <p class='ocr_par' dir='ltr' id='par_1_1' title="bbox 152 287 203 344">
     <span class='ocr_line' id='line_1_1' title="bbox 152 287 203 344; baseline -0.098 1"><span class='ocrx_word' id='word_1_1' title='bbox 152 287 203 344; x_wconf 78' lang='grc'><strong>176</strong></span> 
     </span>
    </p>
   </div>
   <div class='ocr_carea' id='block_1_2' title="bbox 168 391 1024 823">
    <p class='ocr_par' dir='ltr' id='par_1_2' title="bbox 168 391 1024 555">
     <span class='ocr_line' id='line_1_2' title="bbox 168 391 1024 465; baseline 0 -15"><span class='ocrx_word' id='word_1_2' title='bbox 168 393 371 450; x_wconf 87' lang='lat' dir='ltr'><strong>Discumbunt</strong></span> <span class='ocrx_word' id='word_1_3' title='bbox 392 391 467 448; x_wconf 90' lang='lat' dir='ltr'><strong>laeti</strong></span> <span class='ocrx_word' id='word_1_4' title='bbox 486 398 575 462; x_wconf 88' lang='lat' dir='ltr'><strong>atque</strong></span> <span class='ocrx_word' id='word_1_5' title='bbox 596 391 746 465; x_wconf 82' lang='lat' dir='ltr'><strong>effulgent</strong></span> <span class='ocrx_word' id='word_1_6' title='bbox 764 395 903 451; x_wconf 87' lang='lat' dir='ltr'><strong>vestibus</strong></span> <span class='ocrx_word' id='word_1_7' title='bbox 922 394 1024 451; x_wconf 89' lang='lat' dir='ltr'><strong>aureis</strong></span> 
     </span>
     <span class='ocr_line' id='line_1_3' title="bbox 204 482 902 555; baseline 0.003 -15"><span class='ocrx_word' id='word_1_8' title='bbox 204 484 383 551; x_wconf 80' lang='lat' dir='ltr'><strong>Caelicolae,</strong></span> <span class='ocrx_word' id='word_1_9' title='bbox 404 491 436 538; x_wconf 90' lang='lat' dir='ltr'><strong>et</strong></span> <span class='ocrx_word' id='word_1_10' title='bbox 453 483 563 555; x_wconf 87' lang='lat' dir='ltr'><strong>plausu</strong></span> <span class='ocrx_word' id='word_1_11' title='bbox 581 482 665 555; x_wconf 85' lang='lat' dir='ltr'><strong>regia</strong></span> <span class='ocrx_word' id='word_1_12' title='bbox 683 490 766 540; x_wconf 86' lang='lat' dir='ltr'><strong>tecta</strong></span> <span class='ocrx_word' id='word_1_13' title='bbox 783 492 902 553; x_wconf 85' lang='lat' dir='ltr'><strong>sonant,</strong></span> 
     </span>
    </p>

    <p class='ocr_par' dir='ltr' id='par_1_3' title="bbox 168 571 960 735">
     <span class='ocr_line' id='line_1_4' title="bbox 168 571 934 644; baseline 0 -14"><span class='ocrx_word' id='word_1_14' title='bbox 168 574 256 630; x_wconf 81' lang='lat' dir='ltr'><strong>Felix</strong></span> <span class='ocrx_word' id='word_1_15' title='bbox 275 572 328 644; x_wconf 91' lang='lat' dir='ltr'><strong>qui</strong></span> <span class='ocrx_word' id='word_1_16' title='bbox 346 572 446 643; x_wconf 88' lang='lat' dir='ltr'><strong>potuit</strong></span> <span class='ocrx_word' id='word_1_17' title='bbox 465 571 591 628; x_wconf 87' lang='lat' dir='ltr'><strong>coelesti</strong></span> <span class='ocrx_word' id='word_1_18' title='bbox 609 574 788 628; x_wconf 89' lang='lat' dir='ltr'><strong>accumbere</strong></span> <span class='ocrx_word' id='word_1_19' title='bbox 809 592 934 630; x_wconf 84' lang='lat' dir='ltr'><strong>mensae</strong></span> 
     </span>
     <span class='ocr_line' id='line_1_5' title="bbox 204 660 960 735; baseline 0.003 -17"><span class='ocrx_word' id='word_1_20' title='bbox 204 665 307 734; x_wconf 87' lang='lat' dir='ltr'><strong>Atque</strong></span> <span class='ocrx_word' id='word_1_21' title='bbox 325 661 446 716; x_wconf 89' lang='lat' dir='ltr'><strong>haurire</strong></span> <span class='ocrx_word' id='word_1_22' title='bbox 466 660 532 732; x_wconf 91' lang='lat' dir='ltr'><strong>ipso</strong></span> <span class='ocrx_word' id='word_1_23' title='bbox 551 679 567 716; x_wconf 92' lang='lat' dir='ltr'><strong>e</strong></span> <span class='ocrx_word' id='word_1_24' title='bbox 587 661 673 717; x_wconf 85' lang='lat' dir='ltr'><strong>fonte</strong></span> <span class='ocrx_word' id='word_1_25' title='bbox 692 663 834 733; x_wconf 89' lang='lat' dir='ltr'><strong>perennis</strong></span> <span class='ocrx_word' id='word_1_26' title='bbox 853 683 960 735; x_wconf 87' lang='lat' dir='ltr'><strong>aquae.</strong></span> 
     </span>
    </p>

    <p class='ocr_par' dir='ltr' id='par_1_4' title="bbox 172 749 999 823">
     <span class='ocr_line' id='line_1_6' title="bbox 172 749 999 823; baseline 0.004 -18"><span class='ocrx_word' id='word_1_27' title='bbox 172 752 326 806; x_wconf 78' lang='lat' dir='ltr'><strong>Pallentes</strong></span> <span class='ocrx_word' id='word_1_28' title='bbox 344 750 451 821; x_wconf 90' lang='lat' dir='ltr'><strong>procul</strong></span> <span class='ocrx_word' id='word_1_29' title='bbox 469 749 541 805; x_wconf 90' lang='lat' dir='ltr'><strong>hinc</strong></span> <span class='ocrx_word' id='word_1_30' title='bbox 559 749 657 805; x_wconf 86' lang='lat' dir='ltr'><strong>morbi</strong></span> <span class='ocrx_word' id='word_1_31' title='bbox 675 750 832 823; x_wconf 87' lang='lat' dir='ltr'><strong>tristisque</strong></span> <span class='ocrx_word' id='word_1_32' title='bbox 853 759 999 809; x_wconf 87' lang='lat' dir='ltr'><strong>senectus</strong></span> 
     </span>
    </p>
   </div>
   <div class='ocr_carea' id='block_1_3' title="bbox 165 838 998 2163">
    <p class='ocr_par' dir='ltr' id='par_1_5' title="bbox 165 838 998 1788">
     <span class='ocr_line' id='line_1_7' title="bbox 203 838 815 911; baseline 0.003 -17"><span class='ocrx_word' id='word_1_33' title='bbox 203 842 244 895; x_wconf 88' lang='lat' dir='ltr'><strong>Et</strong></span> <span class='ocrx_word' id='word_1_34' title='bbox 263 857 353 895; x_wconf 85' lang='lat' dir='ltr'><strong>curae</strong></span> <span class='ocrx_word' id='word_1_35' title='bbox 373 838 482 910; x_wconf 85' lang='lat' dir='ltr'><strong>vigiles</strong></span> <span class='ocrx_word' id='word_1_36' title='bbox 501 838 688 911; x_wconf 73' lang='lat' dir='ltr'><strong>sollicitique</strong></span> <span class='ocrx_word' id='word_1_37' title='bbox 706 846 815 896; x_wconf 78' lang='lat' dir='ltr'><strong>metus,</strong></span> 
     </span>
     <span class='ocr_line' id='line_1_8' title="bbox 173 927 893 999; baseline -0.003 -15"><span class='ocrx_word' id='word_1_38' title='bbox 173 928 256 984; x_wconf 82' lang='lat' dir='ltr'><strong>Talis</strong></span> <span class='ocrx_word' id='word_1_39' title='bbox 276 933 343 983; x_wconf 88' lang='lat' dir='ltr'><strong>erat</strong></span> <span class='ocrx_word' id='word_1_40' title='bbox 360 927 462 993; x_wconf 86' lang='lat' dir='ltr'><strong>tellus,</strong></span> <span class='ocrx_word' id='word_1_41' title='bbox 482 927 597 982; x_wconf 85' lang='lat' dir='ltr'><strong>Adamo</strong></span> <span class='ocrx_word' id='word_1_42' title='bbox 616 944 696 998; x_wconf 88' lang='lat' dir='ltr'><strong>rege,</strong></span> <span class='ocrx_word' id='word_1_43' title='bbox 715 927 893 999; x_wconf 79' lang='lat' dir='ltr'><strong>priusquam</strong></span> 
     </span>
     <span class='ocr_line' id='line_1_9' title="bbox 205 1015 822 1088; baseline 0 -16"><span class='ocrx_word' id='word_1_44' title='bbox 205 1017 317 1073; x_wconf 89' lang='lat' dir='ltr'><strong>Pulsus</strong></span> <span class='ocrx_word' id='word_1_45' title='bbox 336 1018 373 1071; x_wconf 89' lang='lat' dir='ltr'><strong>ab</strong></span> <span class='ocrx_word' id='word_1_46' title='bbox 391 1016 505 1088; x_wconf 83' lang='lat' dir='ltr'><strong>Elysiis</strong></span> <span class='ocrx_word' id='word_1_47' title='bbox 524 1015 645 1072; x_wconf 89' lang='lat' dir='ltr'><strong>sedibus</strong></span> <span class='ocrx_word' id='word_1_48' title='bbox 663 1016 715 1071; x_wconf 86' lang='lat' dir='ltr'><strong>ille</strong></span> <span class='ocrx_word' id='word_1_49' title='bbox 734 1017 822 1073; x_wconf 86' lang='lat' dir='ltr'><strong>foret.</strong></span> 
     </span>
     <span class='ocr_line' id='line_1_10' title="bbox 169 1104 972 1178; baseline 0.001 -17"><span class='ocrx_word' id='word_1_50' title='bbox 169 1107 310 1161; x_wconf 89' lang='lat' dir='ltr'><strong>Nondum</strong></span> <span class='ocrx_word' id='word_1_51' title='bbox 329 1112 470 1176; x_wconf 87' lang='lat' dir='ltr'><strong>pacatum</strong></span> <span class='ocrx_word' id='word_1_52' title='bbox 489 1104 555 1161; x_wconf 86' lang='lat' dir='ltr'><strong>fera</strong></span> <span class='ocrx_word' id='word_1_53' title='bbox 573 1123 653 1178; x_wconf 80' lang='lat' dir='ltr'><strong>mors</strong></span> <span class='ocrx_word' id='word_1_54' title='bbox 671 1104 839 1162; x_wconf 88' lang='lat' dir='ltr'><strong>intraverat</strong></span> <span class='ocrx_word' id='word_1_55' title='bbox 859 1108 972 1176; x_wconf 88' lang='lat' dir='ltr'><strong>orbem,</strong></span> 
     </span>
     <span class='ocr_line' id='line_1_11' title="bbox 165 1191 984 1265; baseline 0.005 -16"><span class='ocrx_word' id='word_1_56' title='bbox 165 1191 168 1197; x_wconf 83' lang='grc'><strong>’</strong></span> <span class='ocrx_word' id='word_1_57' title='bbox 204 1196 273 1249; x_wconf 92' lang='lat' dir='ltr'><strong>Non</strong></span> <span class='ocrx_word' id='word_1_58' title='bbox 292 1196 379 1259; x_wconf 88' lang='lat' dir='ltr'><strong>mala,</strong></span> <span class='ocrx_word' id='word_1_59' title='bbox 398 1212 460 1248; x_wconf 96' lang='lat' dir='ltr'><strong>non</strong></span> <span class='ocrx_word' id='word_1_60' title='bbox 477 1194 581 1265; x_wconf 79' lang='lat' dir='ltr'><strong>pestis,</strong></span> <span class='ocrx_word' id='word_1_61' title='bbox 601 1213 662 1249; x_wconf 91' lang='lat' dir='ltr'><strong>non</strong></span> <span class='ocrx_word' id='word_1_62' title='bbox 682 1202 782 1250; x_wconf 89' lang='lat' dir='ltr'><strong>metus</strong></span> <span class='ocrx_word' id='word_1_63' title='bbox 806 1197 889 1252; x_wconf 90' lang='lat' dir='ltr'><strong>ullus</strong></span> <span class='ocrx_word' id='word_1_64' title='bbox 908 1204 984 1253; x_wconf 86' lang='lat' dir='ltr'><strong>erat.</strong></span> 
     </span>
     <span class='ocr_line' id='line_1_12' title="bbox 168 1280 998 1353; baseline 0 -13"><span class='ocrx_word' id='word_1_65' title='bbox 168 1284 280 1340; x_wconf 85' lang='lat' dir='ltr'><strong>Nullus</strong></span> <span class='ocrx_word' id='word_1_66' title='bbox 299 1284 396 1337; x_wconf 87' lang='lat' dir='ltr'><strong>adhuc</strong></span> <span class='ocrx_word' id='word_1_67' title='bbox 414 1280 551 1353; x_wconf 88' lang='lat' dir='ltr'><strong>proprios</strong></span> <span class='ocrx_word' id='word_1_68' title='bbox 570 1289 658 1338; x_wconf 90' lang='lat' dir='ltr'><strong>norat</strong></span> <span class='ocrx_word' id='word_1_69' title='bbox 677 1286 894 1340; x_wconf 76' lang='lat' dir='ltr'><strong>transcendere</strong></span> <span class='ocrx_word' id='word_1_70' title='bbox 914 1287 998 1352; x_wconf 89' lang='lat' dir='ltr'><strong>fines,</strong></span> 
     </span>
     <span class='ocr_line' id='line_1_13' title="bbox 205 1372 872 1431; baseline -0.003 0"><span class='ocrx_word' id='word_1_71' title='bbox 205 1377 268 1431; x_wconf 87' lang='lat' dir='ltr'><strong>Aut</strong></span> <span class='ocrx_word' id='word_1_72' title='bbox 286 1373 402 1428; x_wconf 85' lang='lat' dir='ltr'><strong>ratibus</strong></span> <span class='ocrx_word' id='word_1_73' title='bbox 421 1372 546 1428; x_wconf 89' lang='lat' dir='ltr'><strong>dubium</strong></span> <span class='ocrx_word' id='word_1_74' title='bbox 565 1373 729 1428; x_wconf 87' lang='lat' dir='ltr'><strong>sollicitare</strong></span> <span class='ocrx_word' id='word_1_75' title='bbox 749 1373 872 1429; x_wconf 86' lang='lat' dir='ltr'><strong>fretum.</strong></span> 
     </span>
     <span class='ocr_line' id='line_1_14' title="bbox 170 1462 891 1535; baseline 0.003 -17"><span class='ocrx_word' id='word_1_76' title='bbox 170 1465 238 1518; x_wconf 89' lang='lat' dir='ltr'><strong>Non</strong></span> <span class='ocrx_word' id='word_1_77' title='bbox 260 1462 381 1533; x_wconf 88' lang='lat' dir='ltr'><strong>sonipes</strong></span> <span class='ocrx_word' id='word_1_78' title='bbox 400 1462 492 1517; x_wconf 88' lang='lat' dir='ltr'><strong>duros</strong></span> <span class='ocrx_word' id='word_1_79' title='bbox 511 1463 674 1519; x_wconf 86' lang='lat' dir='ltr'><strong>attriverat</strong></span> <span class='ocrx_word' id='word_1_80' title='bbox 694 1481 745 1518; x_wconf 90' lang='lat' dir='ltr'><strong>ore</strong></span> <span class='ocrx_word' id='word_1_81' title='bbox 762 1465 891 1535; x_wconf 86' lang='lat' dir='ltr'><strong>lupatos,</strong></span> 
     </span>
     <span class='ocr_line' id='line_1_15' title="bbox 207 1552 915 1631; baseline 0 -22"><span class='ocrx_word' id='word_1_82' title='bbox 207 1556 324 1609; x_wconf 84' lang='lat' dir='ltr'><strong>Dextra</strong></span> <span class='ocrx_word' id='word_1_83' title='bbox 343 1569 398 1606; x_wconf 85' lang='lat' dir='ltr'><strong>nec</strong></span> <span class='ocrx_word' id='word_1_84' title='bbox 412 1558 552 1631; x_wconf 85' lang='lat' dir='ltr'><strong>aeratam</strong></span> <span class='ocrx_word' id='word_1_85' title='bbox 571 1552 701 1607; x_wconf 86' lang='lat' dir='ltr'><strong>duxerat</strong></span> <span class='ocrx_word' id='word_1_86' title='bbox 719 1552 783 1607; x_wconf 86' lang='lat' dir='ltr'><strong>ulla</strong></span> <span class='ocrx_word' id='word_1_87' title='bbox 802 1554 915 1609; x_wconf 85' lang='lat' dir='ltr'><strong>tubam.</strong></span> 
     </span>
     <span class='ocr_line' id='line_1_16' title="bbox 173 1642 933 1713; baseline -0.001 -14"><span class='ocrx_word' id='word_1_88' title='bbox 173 1645 242 1699; x_wconf 90' lang='lat' dir='ltr'><strong>Non</strong></span> <span class='ocrx_word' id='word_1_89' title='bbox 260 1642 366 1711; x_wconf 83' lang='lat' dir='ltr'><strong>hostis,</strong></span> <span class='ocrx_word' id='word_1_90' title='bbox 384 1659 446 1696; x_wconf 93' lang='lat' dir='ltr'><strong>non</strong></span> <span class='ocrx_word' id='word_1_91' title='bbox 464 1661 566 1713; x_wconf 88' lang='lat' dir='ltr'><strong>pugna</strong></span> <span class='ocrx_word' id='word_1_92' title='bbox 583 1642 652 1711; x_wconf 84' lang='lat' dir='ltr'><strong>fuit,</strong></span> <span class='ocrx_word' id='word_1_93' title='bbox 672 1661 729 1698; x_wconf 92' lang='lat' dir='ltr'><strong>nec</strong></span> <span class='ocrx_word' id='word_1_94' title='bbox 747 1642 841 1699; x_wconf 88' lang='lat' dir='ltr'><strong>fortia</strong></span> <span class='ocrx_word' id='word_1_95' title='bbox 858 1644 933 1700; x_wconf 91' lang='lat' dir='ltr'><strong>belli</strong></span> 
     </span>
     <span class='ocr_line' id='line_1_17' title="bbox 205 1729 806 1788; baseline -0.007 0"><span class='ocrx_word' id='word_1_96' title='bbox 205 1732 313 1788; x_wconf 88' lang='lat' dir='ltr'><strong>Militis</strong></span> <span class='ocrx_word' id='word_1_97' title='bbox 331 1731 458 1787; x_wconf 89' lang='lat' dir='ltr'><strong>insanus</strong></span> <span class='ocrx_word' id='word_1_98' title='bbox 475 1729 593 1786; x_wconf 84' lang='lat' dir='ltr'><strong>fecerat</strong></span> <span class='ocrx_word' id='word_1_99' title='bbox 611 1749 695 1786; x_wconf 87' lang='lat' dir='ltr'><strong>arma</strong></span> <span class='ocrx_word' id='word_1_100' title='bbox 712 1731 806 1787; x_wconf 86' lang='lat' dir='ltr'><strong>furor.</strong></span> 
     </span>
    </p>

    <p class='ocr_par' dir='ltr' id='par_1_6' title="bbox 170 1819 964 2072">
     <span class='ocr_line' id='line_1_18' title="bbox 170 1819 944 1892; baseline 0.001 -16"><span class='ocrx_word' id='word_1_101' title='bbox 170 1822 233 1876; x_wconf 90' lang='lat' dir='ltr'><strong>Nec</strong></span> <span class='ocrx_word' id='word_1_102' title='bbox 253 1821 393 1875; x_wconf 88' lang='lat' dir='ltr'><strong>dominus</strong></span> <span class='ocrx_word' id='word_1_103' title='bbox 414 1826 499 1874; x_wconf 90' lang='lat' dir='ltr'><strong>corto</strong></span> <span class='ocrx_word' id='word_1_104' title='bbox 519 1819 658 1890; x_wconf 83' lang='lat' dir='ltr'><strong>signabat</strong></span> <span class='ocrx_word' id='word_1_105' title='bbox 676 1819 774 1877; x_wconf 87' lang='lat' dir='ltr'><strong>limite</strong></span> <span class='ocrx_word' id='word_1_106' title='bbox 795 1839 944 1892; x_wconf 87' lang='lat' dir='ltr'><strong>campum,</strong></span> 
     </span>
     <span class='ocr_line' id='line_1_19' title="bbox 205 1910 928 1980; baseline 0.001 -15"><span class='ocrx_word' id='word_1_107' title='bbox 205 1912 315 1966; x_wconf 85' lang='lat' dir='ltr'><strong>Nullus</strong></span> <span class='ocrx_word' id='word_1_108' title='bbox 334 1910 524 1980; x_wconf 88' lang='lat' dir='ltr'><strong>inexpertam</strong></span> <span class='ocrx_word' id='word_1_109' title='bbox 543 1917 651 1965; x_wconf 85' lang='lat' dir='ltr'><strong>taurus</strong></span> <span class='ocrx_word' id='word_1_110' title='bbox 670 1912 775 1965; x_wconf 88' lang='lat' dir='ltr'><strong>arabat</strong></span> <span class='ocrx_word' id='word_1_111' title='bbox 792 1911 928 1966; x_wconf 91' lang='lat' dir='ltr'><strong>humum.</strong></span> 
     </span>
     <span class='ocr_line' id='line_1_20' title="bbox 171 1999 964 2072; baseline -0.001 -16"><span class='ocrx_word' id='word_1_112' title='bbox 171 2001 284 2072; x_wconf 85' lang='lat' dir='ltr'><strong>Sponte</strong></span> <span class='ocrx_word' id='word_1_113' title='bbox 303 2019 358 2056; x_wconf 89' lang='lat' dir='ltr'><strong>sua</strong></span> <span class='ocrx_word' id='word_1_114' title='bbox 376 1999 516 2072; x_wconf 85' lang='lat' dir='ltr'><strong>gravidas</strong></span> <span class='ocrx_word' id='word_1_115' title='bbox 537 2016 659 2071; x_wconf 88' lang='lat' dir='ltr'><strong>campus</strong></span> <span class='ocrx_word' id='word_1_116' title='bbox 679 1999 827 2056; x_wconf 85' lang='lat' dir='ltr'><strong>fundebat</strong></span> <span class='ocrx_word' id='word_1_117' title='bbox 846 2001 964 2069; x_wconf 86' lang='lat' dir='ltr'><strong>aristas,</strong></span> 
     </span>
    </p>

    <p class='ocr_par' dir='ltr' id='par_1_7' title="bbox 206 2089 881 2163">
     <span class='ocr_line' id='line_1_21' title="bbox 206 2089 881 2163; baseline -0.004 -16"><span class='ocrx_word' id='word_1_118' title='bbox 206 2094 307 2163; x_wconf 87' lang='lat' dir='ltr'><strong>Atque</strong></span> <span class='ocrx_word' id='word_1_119' title='bbox 328 2108 447 2145; x_wconf 91' lang='lat' dir='ltr'><strong>merum</strong></span> <span class='ocrx_word' id='word_1_120' title='bbox 465 2089 551 2144; x_wconf 89' lang='lat' dir='ltr'><strong>nulla</strong></span> <span class='ocrx_word' id='word_1_121' title='bbox 569 2089 660 2145; x_wconf 86' lang='lat' dir='ltr'><strong>vinea</strong></span> <span class='ocrx_word' id='word_1_122' title='bbox 679 2089 763 2155; x_wconf 91' lang='lat' dir='ltr'><strong>culta</strong></span> <span class='ocrx_word' id='word_1_123' title='bbox 781 2109 881 2146; x_wconf 91' lang='lat' dir='ltr'><strong>manu.</strong></span> 
     </span>
    </p>
   </div>
   <div class='ocr_carea' id='block_1_4' title="bbox 171 2177 884 2333">
    <p class='ocr_par' dir='ltr' id='par_1_8' title="bbox 171 2177 884 2333">
     <span class='ocr_line' id='line_1_22' title="bbox 171 2177 884 2251; baseline -0.004 -15"><span class='ocrx_word' id='word_1_124' title='bbox 171 2183 213 2237; x_wconf 88' lang='lat' dir='ltr'><strong>At</strong></span> <span class='ocrx_word' id='word_1_125' title='bbox 233 2187 392 2251; x_wconf 91' lang='lat' dir='ltr'><strong>postquam</strong></span> <span class='ocrx_word' id='word_1_126' title='bbox 410 2177 490 2234; x_wconf 86' lang='lat' dir='ltr'><strong>fulvi</strong></span> <span class='ocrx_word' id='word_1_127' title='bbox 508 2177 656 2234; x_wconf 85' lang='lat' dir='ltr'><strong>successit</strong></span> <span class='ocrx_word' id='word_1_128' title='bbox 676 2197 749 2233; x_wconf 88' lang='lat' dir='ltr'><strong>cura</strong></span> <span class='ocrx_word' id='word_1_129' title='bbox 766 2178 884 2234; x_wconf 87' lang='lat' dir='ltr'><strong>metalli</strong></span> 
     </span>
     <span class='ocr_line' id='line_1_23' title="bbox 208 2261 823 2333; baseline -0.007 -13"><span class='ocrx_word' id='word_1_130' title='bbox 208 2263 293 2320; x_wconf 88' lang='lat' dir='ltr'><strong>Vidit</strong></span> <span class='ocrx_word' id='word_1_131' title='bbox 311 2269 344 2318; x_wconf 90' lang='lat' dir='ltr'><strong>et</strong></span> <span class='ocrx_word' id='word_1_132' title='bbox 363 2261 487 2318; x_wconf 86' lang='lat' dir='ltr'><strong>effossas</strong></span> <span class='ocrx_word' id='word_1_133' title='bbox 506 2261 592 2317; x_wconf 89' lang='lat' dir='ltr'><strong>dives</strong></span> <span class='ocrx_word' id='word_1_134' title='bbox 612 2278 724 2318; x_wconf 86' lang='lat' dir='ltr'><strong>avarus</strong></span> <span class='ocrx_word' id='word_1_135' title='bbox 743 2280 823 2333; x_wconf 64' lang='lat' dir='ltr'><strong>opes</strong></span> 
     </span>
    </p>
   </div>
   <div class='ocr_carea' id='block_1_5' title="bbox 133 2349 1011 3569">
    <p class='ocr_par' dir='ltr' id='par_1_9' title="bbox 174 2349 886 2512">
     <span class='ocr_line' id='line_1_24' title="bbox 174 2349 826 2421; baseline -0.005 -14"><span class='ocrx_word' id='word_1_136' title='bbox 174 2355 334 2407; x_wconf 83' lang='lat' dir='ltr'><strong>Venerunt</strong></span> <span class='ocrx_word' id='word_1_137' title='bbox 352 2351 424 2406; x_wconf 89' lang='lat' dir='ltr'><strong>lites</strong></span> <span class='ocrx_word' id='word_1_138' title='bbox 444 2356 476 2405; x_wconf 89' lang='lat' dir='ltr'><strong>et</strong></span> <span class='ocrx_word' id='word_1_139' title='bbox 493 2349 578 2405; x_wconf 86' lang='lat' dir='ltr'><strong>mille</strong></span> <span class='ocrx_word' id='word_1_140' title='bbox 598 2349 734 2421; x_wconf 84' lang='lat' dir='ltr'><strong>pericula</strong></span> <span class='ocrx_word' id='word_1_141' title='bbox 751 2351 826 2407; x_wconf 88' lang='lat' dir='ltr'><strong>belli</strong></span> 
     </span>
     <span class='ocr_line' id='line_1_25' title="bbox 207 2439 886 2512; baseline 0 -17"><span class='ocrx_word' id='word_1_142' title='bbox 207 2443 318 2512; x_wconf 90' lang='lat' dir='ltr'><strong>Iraque</strong></span> <span class='ocrx_word' id='word_1_143' title='bbox 337 2442 493 2495; x_wconf 87' lang='lat' dir='ltr'><strong>Lernaeae</strong></span> <span class='ocrx_word' id='word_1_144' title='bbox 511 2439 659 2511; x_wconf 88' lang='lat' dir='ltr'><strong>sanguine</strong></span> <span class='ocrx_word' id='word_1_145' title='bbox 678 2440 777 2495; x_wconf 88' lang='lat' dir='ltr'><strong>tincta</strong></span> <span class='ocrx_word' id='word_1_146' title='bbox 795 2440 886 2495; x_wconf 86' lang='lat' dir='ltr'><strong>ferae.</strong></span> 
     </span>
    </p>

    <p class='ocr_par' dir='ltr' id='par_1_10' title="bbox 172 2528 1011 2780">
     <span class='ocr_line' id='line_1_26' title="bbox 173 2528 998 2601; baseline -0.005 -15"><span class='ocrx_word' id='word_1_147' title='bbox 173 2532 262 2586; x_wconf 88' lang='lat' dir='ltr'><strong>Nunc</strong></span> <span class='ocrx_word' id='word_1_148' title='bbox 280 2529 392 2600; x_wconf 87' lang='lat' dir='ltr'><strong>passim</strong></span> <span class='ocrx_word' id='word_1_149' title='bbox 411 2529 517 2585; x_wconf 86' lang='lat' dir='ltr'><strong>caedes</strong></span> <span class='ocrx_word' id='word_1_150' title='bbox 537 2535 568 2583; x_wconf 94' lang='lat' dir='ltr'><strong>et</strong></span> <span class='ocrx_word' id='word_1_151' title='bbox 587 2536 695 2585; x_wconf 89' lang='lat' dir='ltr'><strong>mutua</strong></span> <span class='ocrx_word' id='word_1_152' title='bbox 713 2530 841 2585; x_wconf 87' lang='lat' dir='ltr'><strong>vulnera</strong></span> <span class='ocrx_word' id='word_1_153' title='bbox 859 2528 998 2601; x_wconf 82' lang='lat' dir='ltr'><strong>fratrum,</strong></span> 
     </span>
     <span class='ocr_line' id='line_1_27' title="bbox 207 2618 973 2691; baseline -0.001 -16"><span class='ocrx_word' id='word_1_154' title='bbox 207 2621 264 2675; x_wconf 87' lang='lat' dir='ltr'><strong>Est</strong></span> <span class='ocrx_word' id='word_1_155' title='bbox 283 2637 403 2690; x_wconf 89' lang='lat' dir='ltr'><strong>quoque</strong></span> <span class='ocrx_word' id='word_1_156' title='bbox 423 2618 476 2691; x_wconf 91' lang='lat' dir='ltr'><strong>qui</strong></span> <span class='ocrx_word' id='word_1_157' title='bbox 494 2618 595 2674; x_wconf 89' lang='lat' dir='ltr'><strong>nullos</strong></span> <span class='ocrx_word' id='word_1_158' title='bbox 611 2618 674 2689; x_wconf 89' lang='lat' dir='ltr'><strong>jam</strong></span> <span class='ocrx_word' id='word_1_159' title='bbox 693 2624 782 2690; x_wconf 88' lang='lat' dir='ltr'><strong>putet</strong></span> <span class='ocrx_word' id='word_1_160' title='bbox 800 2636 865 2674; x_wconf 88' lang='lat' dir='ltr'><strong>esse</strong></span> <span class='ocrx_word' id='word_1_161' title='bbox 884 2621 973 2674; x_wconf 80' lang='lat' dir='ltr'><strong>Deos</strong></span> 
     </span>
     <span class='ocr_line' id='line_1_28' title="bbox 172 2707 1011 2780; baseline -0.004 -15"><span class='ocrx_word' id='word_1_162' title='bbox 172 2709 221 2765; x_wconf 88' lang='lat' dir='ltr'><strong>Ah</strong></span> <span class='ocrx_word' id='word_1_163' title='bbox 240 2707 382 2780; x_wconf 85' lang='lat' dir='ltr'><strong>quotiens</strong></span> <span class='ocrx_word' id='word_1_164' title='bbox 401 2714 501 2763; x_wconf 85' lang='lat' dir='ltr'><strong>totum</strong></span> <span class='ocrx_word' id='word_1_165' title='bbox 519 2714 556 2762; x_wconf 87' lang='lat' dir='ltr'><strong>ut</strong></span> <span class='ocrx_word' id='word_1_166' title='bbox 574 2713 678 2763; x_wconf 91' lang='lat' dir='ltr'><strong>rueret</strong></span> <span class='ocrx_word' id='word_1_167' title='bbox 697 2708 750 2779; x_wconf 89' lang='lat' dir='ltr'><strong>qni</strong></span> <span class='ocrx_word' id='word_1_168' title='bbox 768 2707 883 2762; x_wconf 86' lang='lat' dir='ltr'><strong>fecerat</strong></span> <span class='ocrx_word' id='word_1_169' title='bbox 902 2708 1011 2776; x_wconf 88' lang='lat' dir='ltr'><strong>orbem,</strong></span> 
     </span>
    </p>

    <p class='ocr_par' dir='ltr' id='par_1_11' title="bbox 133 2795 988 3569">
     <span class='ocr_line' id='line_1_29' title="bbox 133 2795 829 2868; baseline 0.001 -17"><span class='ocrx_word' id='word_1_170' title='bbox 133 2819 138 2825; x_wconf 95' lang='lat'><em>·</em></span> <span class='ocrx_word' id='word_1_171' title='bbox 210 2795 364 2866; x_wconf 77' lang='lat' dir='ltr'><strong>Corripuit</strong></span> <span class='ocrx_word' id='word_1_172' title='bbox 382 2796 482 2853; x_wconf 89' lang='lat' dir='ltr'><strong>valide</strong></span> <span class='ocrx_word' id='word_1_173' title='bbox 501 2798 566 2850; x_wconf 85' lang='lat' dir='ltr'><strong>tela</strong></span> <span class='ocrx_word' id='word_1_174' title='bbox 578 2795 711 2868; x_wconf 82' lang='lat' dir='ltr'><strong>trisulca</strong></span> <span class='ocrx_word' id='word_1_175' title='bbox 729 2814 829 2852; x_wconf 89' lang='lat' dir='ltr'><strong>manu.</strong></span> 
     </span>
     <span class='ocr_line' id='line_1_30' title="bbox 174 2880 901 2954; baseline 0.001 -14"><span class='ocrx_word' id='word_1_176' title='bbox 174 2886 215 2940; x_wconf 83' lang='lat' dir='ltr'><strong>Et</strong></span> <span class='ocrx_word' id='word_1_177' title='bbox 232 2880 371 2940; x_wconf 84' lang='lat' dir='ltr'><strong>facturus</strong></span> <span class='ocrx_word' id='word_1_178' title='bbox 391 2891 472 2954; x_wconf 88' lang='lat' dir='ltr'><strong>erat;</strong></span> <span class='ocrx_word' id='word_1_179' title='bbox 491 2885 590 2941; x_wconf 91' lang='lat' dir='ltr'><strong>nostri</strong></span> <span class='ocrx_word' id='word_1_180' title='bbox 608 2885 660 2940; x_wconf 88' lang='lat' dir='ltr'><strong>sed</strong></span> <span class='ocrx_word' id='word_1_181' title='bbox 679 2885 781 2941; x_wconf 87' lang='lat' dir='ltr'><strong>victus</strong></span> <span class='ocrx_word' id='word_1_182' title='bbox 800 2903 901 2943; x_wconf 89' lang='lat' dir='ltr'><strong>amore</strong></span> 
     </span>
     <span class='ocr_line' id='line_1_31' title="bbox 213 2972 861 3048; baseline -0.002 -18"><span class='ocrx_word' id='word_1_183' title='bbox 213 2972 366 3030; x_wconf 87' lang='lat' dir='ltr'><strong>Sustinuit</strong></span> <span class='ocrx_word' id='word_1_184' title='bbox 385 2972 451 3029; x_wconf 90' lang='lat' dir='ltr'><strong>miti</strong></span> <span class='ocrx_word' id='word_1_185' title='bbox 472 2973 601 3029; x_wconf 86' lang='lat' dir='ltr'><strong>fulmina</strong></span> <span class='ocrx_word' id='word_1_186' title='bbox 620 2981 707 3045; x_wconf 85' lang='lat' dir='ltr'><strong>rapta</strong></span> <span class='ocrx_word' id='word_1_187' title='bbox 726 2993 826 3032; x_wconf 89' lang='lat' dir='ltr'><strong>manu.</strong></span> <span class='ocrx_word' id='word_1_188' title='bbox 860 3044 861 3048; x_wconf 10' lang='grc' dir='ltr'><strong>Ἰ</strong></span> 
     </span>
     <span class='ocr_line' id='line_1_32' title="bbox 174 3063 945 3137; baseline 0.004 -19"><span class='ocrx_word' id='word_1_189' title='bbox 174 3065 247 3134; x_wconf 86' lang='lat' dir='ltr'><strong>Ipsa</strong></span> <span class='ocrx_word' id='word_1_190' title='bbox 265 3081 321 3135; x_wconf 87' lang='lat' dir='ltr'><strong>ego</strong></span> <span class='ocrx_word' id='word_1_191' title='bbox 340 3082 373 3119; x_wconf 92' lang='lat' dir='ltr'><strong>re</strong></span> <span class='ocrx_word' id='word_1_192' title='bbox 392 3063 486 3121; x_wconf 88' lang='lat' dir='ltr'><strong>variis</strong></span> <span class='ocrx_word' id='word_1_193' title='bbox 505 3070 647 3136; x_wconf 89' lang='lat' dir='ltr'><strong>terraque</strong></span> <span class='ocrx_word' id='word_1_194' title='bbox 666 3065 801 3137; x_wconf 89' lang='lat' dir='ltr'><strong>marique</strong></span> <span class='ocrx_word' id='word_1_195' title='bbox 822 3065 945 3136; x_wconf 89' lang='lat' dir='ltr'><strong>periclis</strong></span> 
     </span>
     <span class='ocr_line' id='line_1_33' title="bbox 209 3152 708 3224; baseline 0.002 -17"><span class='ocrx_word' id='word_1_196' title='bbox 209 3152 317 3224; x_wconf 90' lang='lat' dir='ltr'><strong>Eripui</strong></span> <span class='ocrx_word' id='word_1_197' title='bbox 335 3153 417 3211; x_wconf 89' lang='lat' dir='ltr'><strong>votis</strong></span> <span class='ocrx_word' id='word_1_198' title='bbox 436 3171 498 3207; x_wconf 94' lang='lat' dir='ltr'><strong>non</strong></span> <span class='ocrx_word' id='word_1_199' title='bbox 516 3153 617 3208; x_wconf 88' lang='lat' dir='ltr'><strong>aliena</strong></span> <span class='ocrx_word' id='word_1_200' title='bbox 636 3153 708 3209; x_wconf 90' lang='lat' dir='ltr'><strong>tuis.</strong></span> 
     </span>
     <span class='ocr_line' id='line_1_34' title="bbox 143 3241 961 3313; baseline 0.002 -17"><span class='ocrx_word' id='word_1_201' title='bbox 143 3263 144 3267; x_wconf 46' lang='lat'>¹</span> <span class='ocrx_word' id='word_1_202' title='bbox 176 3241 301 3296; x_wconf 81' lang='lat' dir='ltr'><strong>&#39;Porrida</strong></span> <span class='ocrx_word' id='word_1_203' title='bbox 320 3260 375 3297; x_wconf 87' lang='lat' dir='ltr'><strong>seu</strong></span> <span class='ocrx_word' id='word_1_204' title='bbox 394 3242 486 3297; x_wconf 90' lang='lat' dir='ltr'><strong>certis</strong></span> <span class='ocrx_word' id='word_1_205' title='bbox 504 3243 686 3313; x_wconf 85' lang='lat' dir='ltr'><strong>languerent</strong></span> <span class='ocrx_word' id='word_1_206' title='bbox 705 3243 836 3298; x_wconf 91' lang='lat' dir='ltr'><strong>membra</strong></span> <span class='ocrx_word' id='word_1_207' title='bbox 855 3242 961 3298; x_wconf 89' lang='lat' dir='ltr'><strong>diebus</strong></span> 
     </span>
     <span class='ocr_line' id='line_1_35' title="bbox 210 3330 909 3404; baseline -0.003 -17"><span class='ocrx_word' id='word_1_208' title='bbox 210 3332 323 3387; x_wconf 89' lang='lat' dir='ltr'><strong>Ureret</strong></span> <span class='ocrx_word' id='word_1_209' title='bbox 341 3338 395 3386; x_wconf 87' lang='lat' dir='ltr'><strong>aut</strong></span> <span class='ocrx_word' id='word_1_210' title='bbox 413 3330 559 3385; x_wconf 88' lang='lat' dir='ltr'><strong>miserum</strong></span> <span class='ocrx_word' id='word_1_211' title='bbox 577 3331 670 3386; x_wconf 81' lang='lat' dir='ltr'><strong>febris</strong></span> <span class='ocrx_word' id='word_1_212' title='bbox 689 3331 799 3387; x_wconf 89' lang='lat' dir='ltr'><strong>anhela</strong></span> <span class='ocrx_word' id='word_1_213' title='bbox 814 3333 909 3404; x_wconf 84' lang='lat' dir='ltr'><strong>jecur,</strong></span> 
     </span>
     <span class='ocr_line' id='line_1_36' title="bbox 176 3420 988 3494; baseline 0.005 -20"><span class='ocrx_word' id='word_1_214' title='bbox 176 3420 333 3490; x_wconf 82' lang='lat' dir='ltr'><strong>Languida</strong></span> <span class='ocrx_word' id='word_1_215' title='bbox 351 3440 406 3478; x_wconf 87' lang='lat' dir='ltr'><strong>seu</strong></span> <span class='ocrx_word' id='word_1_216' title='bbox 425 3422 544 3478; x_wconf 89' lang='lat' dir='ltr'><strong>subitus</strong></span> <span class='ocrx_word' id='word_1_217' title='bbox 563 3428 699 3478; x_wconf 89' lang='lat' dir='ltr'><strong>tentaret</strong></span> <span class='ocrx_word' id='word_1_218' title='bbox 719 3441 844 3494; x_wconf 89' lang='lat' dir='ltr'><strong>corpore</strong></span> <span class='ocrx_word' id='word_1_219' title='bbox 864 3423 988 3478; x_wconf 83' lang='lat' dir='ltr'><strong>morbus</strong></span> 
     </span>
     <span class='ocr_line' id='line_1_37' title="bbox 211 3510 808 3569; baseline 0.002 -2"><span class='ocrx_word' id='word_1_220' title='bbox 211 3510 281 3567; x_wconf 83' lang='lat' dir='ltr'><strong>Sive</strong></span> <span class='ocrx_word' id='word_1_221' title='bbox 303 3512 389 3567; x_wconf 91' lang='lat' dir='ltr'><strong>dolor</strong></span> <span class='ocrx_word' id='word_1_222' title='bbox 408 3511 498 3567; x_wconf 91' lang='lat' dir='ltr'><strong>lateri</strong></span> <span class='ocrx_word' id='word_1_223' title='bbox 517 3511 713 3568; x_wconf 89' lang='lat' dir='ltr'><strong>continuatus</strong></span> <span class='ocrx_word' id='word_1_224' title='bbox 734 3519 808 3569; x_wconf 87' lang='lat' dir='ltr'><strong>erat.</strong></span> 
     </span>
    </p>
   </div>
   <div class='ocr_carea' id='block_1_6' title="bbox 0 0 1291 4176">
    <p class='ocr_par' dir='ltr' id='par_1_12' title="bbox 0 0 1291 4176">
     <span class='ocr_line' id='line_1_38' title="bbox 0 0 1291 4176; baseline 0 0"><span class='ocrx_word' id='word_1_225' title='bbox 0 0 1291 4176; x_wconf 95' lang='lat' dir='ltr'><strong> </strong></span> 
     </span>
    </p>
   </div>
  </div>
 </body>
</html>
