2550 4176
214 388 322 443 Pulsat
339 388 412 443 dum
431 387 577 443 citharam
595 388 720 451 Neaera,
740 392 871 443 currunt

212 477 259 532 Ad
277 478 427 547 plectrum
446 478 583 551 Dryades
603 477 804 546 Oreadesque,

215 566 326 621 Oantat
343 566 414 622 dum
436 568 474 624 ad
493 584 635 622 numeros
654 565 778 633 Neaera,
799 566 882 622 culte
905 566 944 622 ad

213 655 345 710 Cautum
364 654 499 711 Naiadas
517 661 611 712 ruunt
629 654 815 728 frequentes.

211 743 341 799 Miscent
358 743 408 799 hic
428 745 567 817 thyasos:
586 746 703 800 Neaera
721 743 814 810 ducit,

212 834 252 886 Et
270 831 355 887 ducit
373 831 467 887 simul
486 838 518 888 et
538 832 636 903 canit3
656 833 780 889 canenti

212 920 353 992 Assurgit
371 938 479 977 nemus
498 928 703 994 assonantquo
722 922 805 994 ripae

211 1011 252 1064 Et
270 1010 360 1066 littus
379 1027 489 1066 resono
508 1010 629 1082 fragore
649 1010 777 1082 plaudit,

210 1097 333 1155 Plaudit
352 1100 501 1156 caeruleis
519 1102 660 1156 Avernus
680 1100 777 1156 nudie.

211 1188 331 1244 Gaurus
349 1189 386 1244 de
405 1189 530 1259 specula
548 1192 697 1262 superbus
717 1192 780 1248 alta

211 1276 363 1333 Diffundit
381 1278 487 1345 violas,
509 1297 616 1345 rosam,
638 1298 780 1352 cyperon,

211 1368 252 1420 Et
269 1367 361 1438 myrti
383 1374 506 1423 teneros
525 1368 685 1440 thymique
704 1370 805 1440 floreo,

211 1457 282 1512 Una
301 1463 333 1510 et
352 1458 462 1512 balnea
484 1465 654 1513 consonant
672 1460 829 1516 Neaeram.

211 1545 274 1612 Dic,
295 1565 312 1601 ο
332 1544 380 1601 dic
400 1565 463 1618 age,
483 1548 582 1617 Petro,
602 1567 678 1618 quae
698 1550 841 1620 voluptas

211 1634 295 1700 Quae
315 1651 400 1690 mens
421 1641 488 1690 tum
508 1635 583 1691 tibi?
601 1653 662 1690 non
681 1638 792 1692 beatus
813 1639 901 1693 esse?

209 1724 277 1778 Non
297 1724 354 1780 diis
373 1724 536 1795 persimilis
555 1724 612 1781 tibi
631 1724 763 1782 videris?

211 1813 291 1879 Quid
311 1832 380 1869 cum
399 1814 434 1869 de
459 1813 617 1870 Charitum
635 1833 737 1881 manu,
758 1815 902 1887 capillum

207 1905 327 1969 Ornata,
347 1904 524 1958 Ambrosiae
544 1911 577 1958 et
596 1921 703 1959 ccman
724 1903 843 1974 liquore

210 1994 245 2047 In
265 1999 296 2047 te
315 1991 476 2047 dulciculis
496 1999 587 2048 tuens
607 1993 716 2049 ocellis

211 2084 295 2136 Inte
317 2082 448 2136 lacteolo
468 2081 539 2137 sinu
558 2082 669 2150 refusa,

208 2169 345 2225 Instillat
363 2170 515 2242 placidum
534 2169 592 2226 tibi
610 2190 767 2228 venenum

209 2260 250 2313 Et
268 2261 359 2315 vultu
377 2266 410 2315 et
428 2258 518 2315 labiis
538 2265 569 2315 et
591 2278 643 2316 ore
662 2259 776 2328 hiulco,

209 2349 257 2403 An
277 2367 338 2404 uon
357 2348 515 2405 invideant
533 2349 576 2404 dii
597 2348 750 2419 tibiipsi?

209 2441 277 2494 Non
296 2440 376 2512 quod
395 2440 437 2494 dii
456 2440 603 2507 dederint,
625 2439 710 2495 dedit
729 2439 866 2495 Neaera?

207 2529 327 2585 Indicas
346 2529 441 2584 etiam
460 2535 496 2583 ut
516 2529 574 2584 diis
593 2529 739 2584 duellum.

533 2846 614 2898 XIV.

427 3008 500 3074 AD
535 3004 717 3073 SOLEM

462 3149 568 3200 (Versus
582 3145 688 3200 Lyrici.)

209 3338 259 3393 Sol
278 3338 369 3393 decus
389 3335 474 3402 coeli,
497 3348 700 3404 superumque
719 3329 869 3401 princeps,

209 3429 324 3482 Auctor
344 3432 374 3481 et
393 3424 478 3489 lucis,
499 3422 672 3476 moderator
691 3417 771 3481 anni,

210 3516 299 3571 Altor
317 3535 335 3571 o
353 3529 512 3585 rerumque
531 3505 789 3576 animantiumque

496 3604 535 3656 Et
554 3604 637 3655 sator
657 3593 746 3660 idem,
