2550 4176
248 432 293 494 Tu
312 455 436 511 gravem
456 436 548 510 pigris
567 435 664 496 oeulis
683 453 823 511 soporem

282 528 426 599 Excutis3
447 528 515 594 (leti
532 547 623 602 sopor
643 537 689 585 est
708 530 821 600 imago)

282 620 423 675 Evoenus
441 619 532 673 tectis
551 636 607 674 sua
625 637 777 690 quemque
796 620 911 673 laetum
931 615 967 671 ad

672 709 777 763 Munia
795 707 902 763 mittis.

246 796 359 852 Exsilit
377 796 482 852 stratis
499 795 622 868 rapidus
641 796 743 855 viator

282 886 329 940 Ad
344 886 451 957 jugum
470 885 565 942 fortes
585 887 716 941 redeunt
730 887 864 958 juvenci,

281 977 395 1031 Laetus
414 976 445 1029 in
464 975 557 1031 silvas
576 981 720 1047 properat
740 975 834 1031 oitato

671 1065 747 1120 Cum
765 1082 855 1136 grege
875 1071 987 1136 pastor.

245 1154 302 1207 Ast
321 1171 425 1208 amans
444 1169 532 1208 carae
551 1153 720 1208 thalamum
738 1153 859 1225 puellae

280 1240 402 1298 Deserit
420 1241 504 1308 flens,
524 1248 557 1297 et
576 1241 634 1297 tibi
653 1243 747 1298 verba
765 1242 841 1298 dioit

281 1333 404 1402 Aspera,
424 1332 564 1403 amplexu
583 1337 706 1386 tenerae
727 1332 829 1403 cupito
848 1351 877 1386 a·

669 1421 789 1477 -uulsus
808 1420 933 1475 amicae.

244 1511 312 1582 lpse
333 1516 413 1565 amet
431 1511 531 1566 nootis
549 1511 684 1566 latebras
704 1510 827 1566 dolosae

280 1601 329 1656 Me
346 1599 436 1671 juvet
454 1618 574 1670 semper
596 1601 675 1656 bona
694 1600 756 1654 lux.
777 1599 935 1654 Nitentem

279 1693 326 1747 Da
344 1689 419 1743 mihi
436 1691 548 1757 lucem,
570 1693 636 1746 Dea
655 1708 772 1761 magna,
792 1691 901 1761 longos

669 1777 800 1833 Cernere
819 1779 851 1832 in
870 1797 975 1834 annos.

576 2175 636 2227 III.

447 2339 522 2405 ou
569 2290 763 2408 naara

464 2490 633 2546 (Garminum,
649 2490 705 2534 Liu
718 2491 744 2541 ι.)

311 2678 335 2732 Ο
354 2676 422 2732 fons
440 2677 558 2732 Melioli
577 2696 672 2743 sacer,

347 2766 483 2839 Lympha
502 2767 657 2839 splendide
676 2767 783 2832 vitrea,

344 2857 381 2910 In
400 2874 460 2928 quo
480 2855 654 2927 virgineum
672 2874 741 2911 mea

346 2944 437 2999 Lavit
455 2944 546 2999 Delia
566 2962 689 3015 eorpus3

312 3034 418 3105 Tuque
438 3032 560 3089 lenibus
580 3033 701 3089 enitens

344 3124 443 3178 Arbor
460 3121 568 3178 florida
589 3123 724 3189 ramulis,

345 3213 415 3279 Qua
433 3213 517 3269 latus
536 3215 661 3270 niveum
681 3220 711 3270 et
732 3219 824 3284 eaput

344 3302 444 3359 Fulsit
462 3304 517 3358 illa
535 3305 692 3373 decorum3

308 3394 350 3447 Et
367 3411 430 3461 vos,
448 3400 536 3463 prata
556 3393 703 3460 recentia,

342 3479 425 3545 Quae
444 3487 561 3538 vestem
580 3480 708 3536 nitidam
727 3485 759 3534 et
778 3479 879 3533 sinum

345 3571 481 3628 Fovistis
500 3578 640 3628 tenerum
658 3570 750 3627 uvida

344 3660 434 3717 Laeti
450 3660 596 3735 graminis
613 3661 724 3728 herba3
