2550 4176
620 429 668 481 11.

469 579 539 645 nu
572 554 822 645 EULAL'IA

493 718 665 772 (cuminum,
680 718 737 763 Lib.
751 719 789 771 11.)

212 891 257 948 Ut
274 889 364 957 bella,
382 895 420 946 ut
436 889 555 957 blande,
573 895 611 946 ut
627 891 735 962 lepida,
755 898 850 964 utque
870 893 1035 948 venustula
1052 892 1132 948 ludit

246 979 370 1034 Eulalia
386 979 531 1050 hispanae
551 979 616 1034 filia
632 979 817 1051 Pasiphiles!

211 1070 258 1126 Ut
274 1068 352 1124 bene
370 1073 526 1124 maternos
544 1068 684 1124 imitatur
700 1069 829 1141 parvula
847 1087 953 1135 mores,

246 1156 375 1222 Incedit,
395 1163 523 1229 spectat,
542 1156 632 1226 ridet,
651 1157 722 1228 agit„
741 1157 885 1231 loquitur.

211 1245 320 1302 Omnia
339 1251 376 1300 ut
393 1244 448 1299 illa
466 1245 549 1311 feeit,
570 1246 694 1301 tandem
708 1246 772 1318 jam
790 1247 905 1318 fingere
923 1247 1019 1312 novit,

247 1335 289 1388 Et
307 1333 366 1389 sibi
384 1334 420 1389 de
440 1339 547 1389 tenero
567 1352 644 1406 quos
662 1342 744 1390 amet
762 1353 866 1407 ungue
884 1335 970 1408 legit.

211 1425 235 1480 Ο
254 1425 334 1479 bona
352 1422 500 1480 sectatrix
518 1424 625 1479 matris
643 1431 724 1496 nata,
744 1442 761 1479 ο
780 1423 860 1479 bons
878 1431 976 1480 mater

246 1513 322 1568 'an
340 1514 416 1568 bene
436 1512 581 1568 dilectam
599 1530 677 1584 quae
696 1512 833 1569 instituis
851 1514 995 1569 sobolem!

210 1604 255 1660 Ut
273 1601 330 1658 tibi
348 1601 600 1674 quandocumque
620 1603 746 1674 obrepet
764 1603 894 1658 inertior
911 1610 1004 1670 aetas,

246 1690 323 1747 Cum
341 1690 488 1746 meretrix
505 1708 620 1763 nequas
639 1691 752 1758 vivere,
771 1691 843 1746 lens
860 1708 963 1763 queas,

171 1898 173 1903 >
191 1869 451 1924 Quest’epigrumme,
466 1871 599 1922 eompesto
611 1867 822 1922 prebebilmente
835 1878 913 1912 verso
927 1867 949 1912 il
963 1868 1022 1918 1500,
1037 1867 1060 1912 si
1073 1868 1133 1911 rife-

148 1937 218 1981 risee
233 1949 250 1980 a
262 1936 353 1990 quello
371 1939 455 1980 stesso
468 1947 557 1979 umore
580 1934 628 1978 ohe
653 1933 727 1979 dettt
741 1947 757 1978 s
771 1934 904 1978 Lndoviee
918 1934 1026 1989 l’elegis
1040 1948 1056 1978 s
1070 1935 1133 1979 Pun-

149 2001 221 2048 dolfo
237 2017 251 2047 e
265 2003 358 2058 quelle
372 2002 399 2046 ul
413 2001 518 2046 Bembo.
534 2000 587 2046 cfr.
603 2000 738 2046 cunonem.
756 2001 799 2054 op.
816 2001 874 2054 cit,
890 2001 936 2044 131.

614 2325 675 2378 111.

521 2471 574 2537 IN
595 2470 762 2538 LENAM

494 2611 662 2666 (carminum,
683 2611 740 2658 Lib.
755 2615 790 2664 ιι.)

278 2786 345 2853 Abi,
363 2803 458 2842 vorax
477 2799 563 2851 enus,
582 2784 646 2840 tuis
665 2802 735 2840 enm
752 2785 906 2842 blandnlis

277 2876 349 2932 Istis
368 2874 508 2947 susurris,
528 2874 650 2946 cognita
668 2881 715 2930 est
735 2875 809 2929 mihi
827 2875 901 2931 satis

278 2965 434 3037 Superque
454 2970 558 3020 vestra
575 2963 685 3031 (serius
704 2963 791 3031 lieet)
809 2965 891 3020 fides

277 3057 345 3112 Non
364 3071 433 3109 sum
451 3054 504 3110 ille
524 3071 587 3126 ego,
606 3071 698 3125 quem
716 3052 839 3124 impune
858 3053 939 3110 votis
959 3054 1063 3110 ludere

276 3143 335 3199 Fas
353 3142 465 3214 ingiter
482 3142 523 3197 sit
540 3141 663 3198 feminis
680 3141 846 3214 rapacibus

278 3234 322 3291 Ut
338 3241 375 3290 nt
391 3234 477 3307 piget
494 3251 542 3289 me
561 3240 625 3288 tam
643 3233 696 3288 diu
713 3232 846 3288 fallaciis

277 3324 395 3382 Vestris
413 3330 577 3390 retentum,
596 3323 668 3378 dnm
687 3323 789 3379 miseri
806 3322 872 3378 dari
890 3340 957 3378 reor

276 3414 383 3471 Dulcis
401 3413 477 3468 mihi
493 3413 613 3468 fruetus
632 3413 741 3468 amoris
760 3411 859 3474 unice,

277 3505 361 3573 Quos
379 3503 512 3576 comperi
530 3510 600 3574 post
619 3521 689 3559 enm
706 3502 820 3573 pudore
840 3500 973 3556 maximo

277 3594 329 3650 Illi
347 3593 442 3662 datos,
462 3599 495 3650 et
512 3591 559 3647 illi
577 3599 610 3650 et
628 3591 676 3647 illi
693 3599 726 3648 et
745 3588 883 3646 omnibus
