2550 4176
1013 329 1048 383 33

85 435 135 489 Tu
154 451 285 506 quoque,
305 433 404 488 dulcis
423 434 517 498 AnuS,
537 432 594 486 tali
612 431 789 503 dignissima
807 432 899 502 prole,

122 521 228 593 Incipe
247 539 302 577 nos
321 522 403 576 inter
422 539 640 576 connumerare
662 526 740 576 tuos.

69 612 135 665 'Me
155 611 213 666 tibi
231 609 283 665 vel
300 628 454 681 generum,
475 611 525 664 vel
544 616 633 663 natae
654 609 774 678 suscipe
793 608 926 675 fratrem,

122 699 279 768 Quidquid
297 699 330 752 in
348 699 405 753 hac
423 699 502 764 fiam,
518 698 634 769 juverit
654 716 719 752 esse
738 697 838 751 domo.

82 789 154 842 Non
173 783 248 859 vigil
267 793 370 842 aerato
389 787 524 842 dubitem
544 806 591 841 me
611 788 742 856 adfigere
760 785 849 856 posti,

121 877 161 930 Et
179 875 261 930 fessa
280 875 313 929 in
330 875 431 945 gelido
450 893 563 945 ponere
584 875 717 929 membra
736 875 810 929 sole.

80 965 147 1018 Nec
169 963 268 1018 minor
287 969 333 1019 est
352 980 456 1018 rerum
476 963 558 1035 mihi,
581 982 670 1035 quam
690 962 746 1018 tibi
765 981 838 1017 cura
857 969 989 1030 tuarum,

119 1053 211 1108 Haud
230 1059 320 1108 natae
342 1058 444 1107 custos
464 1051 564 1122 aptior
582 1053 665 1108 ullus
683 1052 753 1108 erit.

78 1145 155 1198 Este
176 1141 292 1214 procul,
308 1141 447 1212 juvence,
468 1159 529 1196 non
547 1141 597 1196 hic
618 1141 823 1211 corrumpitur
842 1157 916 1194 auro

118 1231 140 1287 J
142 1230 256 1300 anitor;
275 1228 373 1285 officio
390 1229 531 1301 fungitur
548 1229 611 1301 ipse
630 1248 693 1284 suo.

80 1322 145 1377 Vos
165 1337 285 1391 quoque
306 1317 450 1372 nocturni
468 1318 576 1389 procul
595 1317 666 1372 hinc
685 1317 831 1372 discedite
851 1317 942 1383 fureS,

119 1407 274 1463 insomnis
293 1413 396 1462 custos
416 1408 547 1461 excubat
565 1407 596 1460 in
615 1406 739 1460 foribuS.

80 1497 133 1554 Ah
151 1495 282 1568 quotieS,
303 1513 372 1550 cum
391 1514 439 1551 me
459 1496 626 1566 patientem
647 1500 758 1549 cuncta
777 1493 900 1559 videbis,

121 1586 192 1655 Ipsa
211 1586 306 1638 etiam
325 1582 420 1638 dices:
440 1601 501 1637 non
520 1594 602 1637 amat
620 1581 686 1647 iste,
706 1580 795 1651 perit.

80 1675 148 1728 Nec
168 1671 284 1743 poteris
304 1677 410 1726 nostro
430 1690 492 1727 non
511 1671 675 1743 ingemisse
696 1670 800 1735 labori,

116 1760 291 1831 Dignasque
311 1778 365 1831 pro
385 1759 505 1816 meritis
524 1760 658 1831 praemia
678 1760 759 1815 ferre
779 1761 861 1816 meis,

78 1851 151 1905 Non
172 1867 226 1920 ego
246 1846 385 1904 Sidonias
404 1856 512 1912 vestes,
534 1867 594 1902 non
616 1868 709 1904 aurea
728 1855 819 1922 tecta,

120 1936 246 1992 Fertilis
267 1943 321 1992 aut
339 1937 403 2007 agri
419 1937 527 2008 jugera
547 1937 630 1991 millo
652 1945 759 2008 petam.

80 2029 154 2085 Una
173 2025 249 2082 satis
269 2026 371 2092 fuerit,
392 2044 484 2096 regno
504 2026 578 2080 mihi
598 2027 696 2081 carior
716 2027 799 2081 omni

118 2115 242 2184 Anthia,
262 2134 322 2188 qua
340 2115 414 2170 felix
434 2115 560 2186 coniuge
582 2131 702 2186 sempor
722 2133 781 2171 ero.

526 2354 570 2405 II.

89 2502 154 2566 DE
177 2500 404 2568 DISOESSU
426 2499 641 2566 ΑΝΤΗΙΑΕ
664 2503 731 2567 EX
754 2502 1006 2570 FERRARIA

424 2640 566 2694 (Erotioon,
582 2640 638 2686 Lib.
653 2641 680 2694 1.)

80 2804 247 2875 Postquam
267 2800 423 2857 Ferrariae
443 2801 601 2857 discedens
620 2802 741 2856 moenia
759 2801 850 2872 liquit

116 2891 238 2956 Anthia‚
259 2890 430 2953 Ferrariam
449 2889 540 2962 liquit
561 2897 592 2944 et
611 2889 676 2960 ipsa
695 2892 806 2945 Venue

79 2982 183 3038 Mollis
203 2984 297 3036 Amor
315 2980 406 3037 simul
425 2982 572 3036 Etruscas
590 2979 733 3050 migravit
753 2980 790 3033 ad
808 2979 905 3046 urben

115 3074 226 3129 Secum
244 3070 407 3126 blanditias
425 3070 609 3142 deliciasque
629 3070 711 3126 tulit.

79 3162 137 3218 Sed
155 3161 230 3216 licet
249 3160 286 3214 ad
306 3159 439 3227 Tanaim,
459 3159 655 3231 rapidumque
673 3159 790 3216 feratur
809 3162 981 3232 Hydaspem·

113 3249 285 3306 Herculeas
303 3249 442 3320 quamvis
461 3254 597 3304 transeat
616 3248 670 3303 illa
689 3248 762 3321 viae,

79 3339 203 3413 Quaque
224 3346 329 3395 rotant
346 3338 460 3397 fluctus
478 3341 597 3395 alterno
618 3341 732 3397 vortice
754 3344 869 3415 Syrte5‚

113 3430 173 3484 Per
192 3446 282 3495 marc,
302 3446 356 3499 per
375 3434 472 3485 terras
491 3432 660 3500 subsequar
679 3431 743 3502 ipse
762 3438 872 3487 tamen.

78 3519 167 3574 Nunc
185 3517 305 3573 utinam
323 3518 453 3589 sumptis
471 3518 607 3574 imitarer
626 3521 737 3576 Persea
755 3520 880 3591 pennis!

114 3607 203 3662 Nunc
222 3607 334 3663 vellem
352 3606 516 3678 ingenium,
535 3610 667 3664 Daedale
686 3609 784 3676 docte,
804 3615 900 3665 tuum.

96 3815 149 3858 8-
162 3814 251 3863 Gonni.
265 3813 323 3860 Ant.
339 3814 403 3859 della
415 3814 490 3861 liricc
504 3814 595 3862 latino.
1060 3554 1212 3940 ι
