2550 4176
962 314 1014 371 149

93 424 195 497 Atque
209 419 283 479 adeo
304 420 386 479 curis
404 416 562 476 hominum
580 435 677 492 genus
697 411 784 477 omne
805 421 933 493 repulsis

129 513 289 587 Languida
308 520 453 585 oonoepto
472 513 607 568 membra
627 529 735 583 sopore
754 512 854 568 levat:

91 605 185 660 Nulla
203 611 307 660 tamen
324 603 436 659 fessam
455 608 596 673 reparant
615 602 728 658 oblivia
747 608 889 668 mentem,

128 696 170 749 Et
187 693 302 766 refugis
320 700 439 748 nostras
458 698 492 747 tu
512 709 640 765 quoque,
661 709 774 751 somne,
792 709 913 763 preces3

92 785 211 851 Somne,
231 783 325 837 animi
342 781 473 854 requies,
493 800 640 848 curarum,
660 800 772 849 somne,
792 783 939 848 levamen,

127 874 197 927 Huo
217 873 296 942 ades,
316 878 348 927 et
367 877 507 927 sanetum
526 869 580 936 fer,
600 871 766 936 taciturne,
785 870 902 942 pedem,

92 961 309 1029 Imbutumque
328 965 436 1030 gerent
453 958 575 1013 lethaeo
594 957 714 1030 gurgite
728 976 852 1030 ramum,

128 1049 189 1103 Fae
207 1065 274 1102 rore
294 1047 479 1102 immadeant
497 1052 636 1116 tempora
654 1046 738 1101 vieta
756 1046 832 1102 levi.

92 1139 241 1194 Cunarum
260 1139 417 1193 obstantes
436 1139 558 1208 demum
576 1137 712 1208 propelle
734 1143 880 1203 catervas

128 1231 169 1283 Et
186 1227 261 1282 mihi
279 1244 388 1283 securo
408 1226 449 1282 sit
467 1233 521 1281 tua
539 1227 618 1281 dona
637 1224 731 1296 sequi,

93 1319 139 1375 Ut
156 1336 255 1389 neque
274 1334 322 1371 me
343 1316 441 1372 eversi
461 1321 589 1387 tangant
608 1314 799 1369 incommoda
817 1314 899 1375 secli.

130 1406 193 1460 Neo
212 1410 361 1460 renovent
380 1404 485 1459 tristes
505 1409 642 1474 tempora
661 1419 753 1458 saeva
772 1409 879 1468 metue,

70 1496 163 1566 .Ipse
182 1494 239 1550 tibi
257 1493 408 1565 floresque
427 1493 524 1548 feram
543 1491 722 1563 casiamque¹
734 1498 890 1547 recentem

129 1586 225 1639 Dulce
245 1601 355 1638 sonans
374 1582 459 1638 facili
478 1601 538 1654 qua
557 1581 637 1653 fugit
656 1582 737 1636 unda
755 1582 840 1651 pede,
940 1646 941 1651 Ἰ

93 1677 135 1730 Et
153 1673 218 1740 tibi,
237 1690 389 1745 purpurea
407 1673 548 1744 insurgat
566 1671 615 1727 oui
634 1670 751 1727 vertice
772 1671 871 1739 orista,

129 1764 202 1819 Ales
221 1763 351 1818 dissecto
370 1768 496 1834 gutture
515 1761 637 1833 tinguet
655 1760 788 1815 humum.

94 1851 183 1904 Nune
202 1855 257 1903 tua
276 1847 411 1903 defessos
430 1847 553 1901 tandem
572 1849 619 1902 vis
638 1846 743 1917 alliget
763 1849 855 1914 artua

132 1939 213 1992 Dum
229 1936 326 2007 juvat,
346 1941 379 1991 et
398 1935 483 1990 coelo
504 1935 604 1990 lucida
626 1935 713 2006 signa
732 1934 853 1989 eadunt.
877 1923 880 1931 ¹
