2550 4176
576 419 631 472 XI.

276 540 362 607 DAI
387 541 567 610 “Lusus
589 542 927 634 PASTORALES„

451 656 619 710 (Oarminum,
636 658 690 701 Lib.
706 660 750 712 xv.)

168 792 238 858 Cur,
258 792 297 846 ah
317 809 372 846 cur
389 791 453 845 ullo
472 791 576 861 placui
594 791 651 846 tibi
669 794 830 863 tempore?
850 794 957 849 mortis

204 879 244 941 Si,
263 899 331 936 mea
349 880 422 949 vita,
440 881 497 936 tibi
515 900 622 937 caussa
638 879 762 938 futurus
782 900 874 938 eram.

178 975 240 1030 Cur
258 987 305 1025 me
325 977 388 1025 tam
406 968 567 1040 pulchrum
587 970 649 1026 cari
668 989 802 1041 genuere
823 971 988 1042 parentes?

205 1065 268 1122 Gur
286 1061 418 1118 calamos
437 1060 515 1115 dono
535 1062 599 1116 Pau
617 1061 702 1116 dedit
720 1060 783 1132 ipse
803 1061 894 1117 suos?

169 1153 265 1222 Queis
284 1169 337 1221 ego
356 1150 504 1206 formosas
522 1168 641 1221 possem
661 1149 778 1205 mollire
798 1151 918 1221 puellas

205 1238 370 1304 Cantando,
390 1243 423 1292 et
441 1237 525 1293 duris
544 1237 626 1291 lenia
646 1238 736 1292 corda
754 1238 833 1292 dare.

169 1329 251 1396 Quid
268 1327 396 1381 formam
414 1344 533 1398 queror,
553 1331 607 1380 aut
625 1326 757 1382 calamos
776 1325 915 1382 nocuisse
937 1324 1082 1381 canoros?
1142 1363 1144 1368 ·

205 1417 336 1474 Perfidia
353 1417 445 1488 periit
464 1436 534 1472 cara
552 1421 655 1490 puella
673 1437 746 1473 mea.

169 1509 218 1564 Ah
236 1526 274 1562 ne
295 1507 370 1562 meis
388 1506 476 1578 potui
494 1509 635 1565 thalamis
655 1510 816 1564 admittere
835 1509 960 1563 Nisam?

205 1599 275 1653 Vim
293 1615 332 1652 ne
350 1615 457 1668 preces
476 1597 544 1652 duri
562 1605 680 1655 tantam
698 1600 831 1654 habuere
851 1598 966 1669 patris?

171 1687 331 1760 Fugissem
350 1682 520 1760 durumque
539 1695 657 1758 patrem
674 1688 872 1760 patriamque,
891 1687 1036 1758 priusque

205 1778 364 1834 Fudissem
383 1779 480 1833 multo
499 1779 646 1852 sanguine
666 1780 787 1834 dulcem
807 1779 946 1834 animam.
1112 1769 1113 1774 ¹

168 1867 227 1922 Sed
244 1865 378 1935 fundam,
399 1885 572 1939 poenasque
592 1869 667 1923 dabo
686 1868 752 1930 tibi,
772 1867 899 1923 candida
916 1867 1043 1939 Hyella:

205 1957 311 2013 Ocari
330 1975 442 2022 manes,
463 1975 488 2026 ο,
508 1975 622 2029 precor,
643 1964 707 2013 este
728 1957 807 2012 boni.

170 2047 231 2101 Vos
249 2064 377 2116 puerum
396 2053 498 2102 vestra
517 2047 708 2118 linquentem
726 2046 843 2101 lumina
857 2063 963 2101 caussa
1027 2102 1030 2107 ,

204 2136 350 2206 Optatam
368 2136 442 2191 laeti
461 2136 605 2207 suscipite
619 2136 650 2189 in
669 2135 827 2207 gremium.

170 2227 211 2280 Et
230 2225 282 2296 qui
300 2243 349 2279 me
368 2225 461 2279 nimio
481 2244 625 2296 sponsum
644 2225 783 2296 cupiistis
802 2242 912 2291 amore,

205 2315 224 2369 J
227 2313 334 2385 ungite
352 2333 434 2370 nunc
454 2315 552 2370 dulcis
570 2315 680 2386 gaudia
699 2313 840 2386 conjugii.

169 2404 288 2472 Sancta,
307 2403 386 2472 veni,
405 2404 579 2476 nostrisque
598 2404 676 2469 fave,
696 2403 886 2473 Proserpina,
906 2400 1018 2470 taedis3

205 2491 379 2561 Faustaque
398 2507 569 2561 purpureus
591 2489 724 2543 carmina
743 2494 847 2544 cantet
866 2490 1000 2560 Hymen:

169 2579 291 2649 Quique
311 2579 384 2633 olim
405 2579 503 2633 valida
523 2579 682 2650 conjunxit
701 2584 865 2646 utrumque
885 2583 1001 2640 catena,

205 2668 299 2725 Vivat
317 2668 349 2722 in
368 2667 473 2740 Elysia
490 2669 571 2724 valle
589 2667 731 2738 perennis
751 2683 841 2722 amor.

568 2887 638 2939 XII.

245 3013 309 3080 AD
334 3011 661 3080 HIERONYMUM
685 3009 976 3078 TURRIANUM

333 3119 376 3156 Du
395 3117 501 3156 MORTE
520 3116 689 3156 VICTORIAE
708 3114 878 3154 COLUMNAn

458 3197 624 3251 (carminum,
641 3197 698 3240 Lib.
713 3197 747 3249 v.)

243 3331 304 3387 Cur
322 3329 471 3386 desiderio
491 3331 614 3384 modum
632 3335 665 3384 et
683 3328 782 3383 dolori

241 3421 291 3476 Me
309 3420 358 3476 vis
376 3437 498 3492 ponere,
518 3418 685 3474 Turriane?
704 3419 814 3473 acerbo

243 3509 300 3566 Oui
319 3508 457 3565 Victoria
473 3509 538 3564 fato
559 3508 685 3577 ademta,
705 3526 783 3580 quas
803 3525 851 3561 me

242 3599 310 3654 Non
328 3598 428 3654 minus
447 3615 537 3668 quam
551 3597 655 3653 oculos
674 3614 745 3652 suos
764 3596 895 3652 amabat:

149 3811 177 3856 11
192 3833 219 3842 -
231 3809 320 3855 (iosus.
335 3810 392 3856 Ant.
408 3811 472 3855 dalle
486 3812 559 3856 lirica
573 3811 659 3856 latine.
