2550 4176
148 277 183 332 44

162 383 221 439 Pro
240 383 415 455 aequisque
434 383 529 455 igitur
548 382 636 453 pueri
651 381 845 455 juvenesque
865 401 1017 458 senesque

197 476 370 545 Matrcsque
391 480 423 529 et
441 481 564 529 tenerae
584 473 742 544 splendida
759 475 850 529 turba
868 493 965 532 nurus

163 564 250 619 Illius
270 563 434 618 redventum
454 563 623 631 celebrant;
642 568 735 633 atque
753 562 864 618 unicus
882 565 968 620 urbis
992 599 994 602 .

197 653 252 707 Est
266 653 379 711 vultus,
399 653 479 708 festo
493 669 648 706 murmure
669 658 781 707 cuncta
798 653 943 709 fremunt.

163 744 220 798 Est
237 741 298 810 via,
317 740 519 813 Panthagiam
537 740 654 813 Syllani
673 741 794 798 nomine
813 740 936 814 dicunt;

197 829 343 886 Omnibus
360 829 410 884 hic
429 827 546 900 superis
563 829 677 900 templa
695 828 796 885 dicata
814 830 937 886 micant.

163 918 222 974 Hie
241 920 346 973 domus
365 917 521 974 aethereas
539 934 737 989 perrumpens
755 919 866 974 Lentia
884 921 989 987 nubes

197 1007 342 1063 Provehit
360 1008 398 1063 ad
417 1006 526 1063 rutilos
547 1007 681 1062 culmina
700 1009 782 1064 celsa
800 1010 901 1078 polos;

161 1101 258 1166 Quam
279 1117 369 1169 prope
389 1099 520 1155 ridentes
538 1098 726 1155 submittunt
744 1105 831 1171 prata
850 1100 977 1161 colores,

196 1188 342 1260 Pictaque
362 1187 497 1244 florifero
516 1188 652 1259 germine
674 1195 783 1243 vernat
802 1189 921 1245 humus

161 1278 227 1343 Hic,
247 1279 320 1333 dum
339 1278 517 1349 cornipedes
535 1279 625 1350 primi
643 1280 700 1334 sub
719 1280 849 1336 carceris
871 1300 939 1338 oras

197 1367 371 1438 Tyrrhenae
390 1373 555 1437 expectant
575 1366 660 1438 signa
679 1385 789 1423 canora
809 1370 910 1439 tubas

159 1457 255 1524 Regia
274 1463 347 1512 nata
364 1458 449 1512 leves
468 1456 581 1526 gaudet
603 1458 759 1513 celebrare
780 1459 915 1526 choreas,

194 1548 323 1617 Jamque
345 1563 440 1601 nurus
459 1552 543 1601 certa
562 1546 686 1602 brachia
703 1546 770 1618 lege
792 1555 928 1605 movent.

159 1635 277 1690 Emicat
295 1640 366 1688 ante
386 1635 461 1692 alias
480 1636 570 1692 vultu
588 1635 792 1706 pulcherrima
811 1638 960 1708 nymphas

194 1727 325 1792 Albiera
345 1733 378 1782 et
396 1725 564 1781 tremulum
582 1726 699 1797 spargit
717 1727 754 1781 ab
774 1743 824 1781 ore
839 1727 937 1798 jubar.

158 1817 241 1872 Aura
259 1817 360 1888 quatit
378 1816 463 1872 fusos
481 1815 514 1871 in
533 1815 659 1870 candida
679 1822 764 1887 terga
783 1816 918 1887 capillos

193 1906 345 1961 Irradiant
363 1904 445 1960 dulci
462 1905 581 1960 lumina
597 1904 684 1976 nigra
701 1905 777 1961 face.

158 1995 291 2067 'Pamque
310 2012 381 2050 suas
400 1993 498 2050 vincit
518 1994 657 2060 comites
678 2011 772 2065 quam
791 1992 915 2048 Lucifer
934 2013 985 2052 ore

193 2084 350 2153 Purpureo
370 2081 500 2136 rutilans
520 2088 603 2136 astra
625 2081 743 2137 minora
760 2083 883 2152 premit.

158 2172 293 2229 Attoniti
311 2171 466 2228 Albieram
485 2176 627 2242 spectant
643 2170 834 2242 juvenesque
853 2189 1013 2244 senesque,

193 2261 324 2316 Ferreus
343 2266 389 2316 est
402 2277 490 2328 quem
512 2275 573 2312 non
591 2258 690 2312 forma
708 2258 843 2329 pudorve
864 2266 977 2316 movet.

157 2351 311 2406 Mentibus
329 2350 486 2406 Albieram
503 2347 594 2405 laetis
613 2350 783 2421 plausuque
803 2351 946 2420 secundo,

193 2439 348 2495 Albieram
367 2443 445 2493 nutu
463 2436 579 2493 iumine
599 2453 674 2492 voce
694 2439 830 2509 probant,

156 2527 258 2585 Vertit
277 2527 309 2581 in
327 2527 405 2581 hanc
424 2533 528 2582 torvos
547 2525 736 2581 Rhamnusia
757 2527 882 2583 luminis
902 2529 1002 2601 orheS,

192 2618 373 2690 Exiguoque
392 2622 495 2671 movet
514 2634 670 2672 murmura
688 2635 783 2687 parva
801 2634 880 2672 sono,

158 2710 236 2765 Tum
254 2707 382 2764 miserae
401 2707 493 2761 letale
511 2705 628 2774 favens,
648 2705 803 2778 oculisque
824 2706 956 2762 nitorem

192 2797 306 2870 Adjicit
326 2802 357 2853 et
375 2796 465 2853 solito
487 2796 598 2851 celsius
618 2814 671 2851 ora
690 2797 783 2852 levat.

160 2886 317 2958 Tantaque
336 2886 519 2956 perturbans
537 2884 690 2956 extemplo
710 2884 828 2955 gaudia,
847 2884 968 2941 tristem

192 2976 260 3042 Qua
278 2979 383 3045 pereat
402 2973 489 3045 virgo
509 2973 630 3045 quaerit
648 2974 757 3029 acerba
774 2972 863 3029 viam.

155 3064 214 3118 Hie
234 3063 356 3118 Febrim
376 3064 533 3118 aethereas
554 3069 727 3134 carpentem
746 3063 892 3135 prospicit
912 3082 1009 3132 auras,

191 3155 325 3209 Exerere
343 3152 456 3208 icarius
475 3152 547 3207 dum
567 3159 654 3223 parat
674 3172 727 3208 ora
746 3154 847 3210 Oanis.

154 3243 244 3297 Iliam
263 3243 362 3297 Erebo
383 3242 543 3312 Nocteque
563 3247 662 3296 satam
684 3241 871 3298 comitantur
890 3250 1014 3299 euntem

189 3332 367 3401 Luctusque
387 3337 419 3385 et
438 3327 575 3385 tenebris
597 3329 680 3385 Mors
699 3330 846 3402 adoperta
866 3339 969 3403 caput,

154 3421 195 3475 Et
214 3420 354 3477 Gemitus
372 3418 480 3491 gravis,
501 3423 531 3472 et
550 3418 676 3474 Gemitu
695 3420 861 3475 commixta
880 3420 1020 3489 Querela,

190 3509 408 3581 singultusque
426 3506 579 3575 frequens,
599 3507 810 3577 Anxietasque
829 3508 925 3577 ferox,
