2550 4176
581 489 642 544 ΙΙΙ.

456 644 521 711 AD
546 645 764 712 LYGORIM

488 784 649 838 (Garminum
668 785 735 838 Lib.)

136 965 180 1016 Ne
201 967 262 1029 tua,
283 977 320 1014 ne
340 977 408 1014 mea
426 959 467 1012 mi
487 977 560 1014 cane
581 959 722 1028 carmina,
744 977 814 1014 cara
832 958 961 1030 Lycori3

169 1050 212 1104 Mi
232 1067 291 1105 vox
310 1049 370 1105 ista
388 1047 477 1104 avida
496 1049 599 1104 haurit
618 1049 655 1103 ab
675 1067 747 1104 aure
767 1048 907 1103 animam.

134 1140 175 1192 Et
193 1138 262 1192 vela
280 1137 401 1192 faciem:
422 1156 520 1193 meme
538 1137 638 1208 liquat
656 1138 722 1209 ipsa
741 1137 880 1206 videndo,

169 1229 210 1281 Et
228 1227 322 1282 trahit
341 1227 469 1282 intentis
490 1245 526 1282 ex
546 1227 642 1283 oculis
662 1227 805 1282 animam.

134 1318 175 1370 Et
194 1316 268 1370 mihi
288 1318 382 1372 conde
402 1317 519 1388 sinum3
539 1317 607 1374 istis
625 1319 697 1372 (lum
715 1336 787 1388 paro
805 1335 908 1389 pressa
927 1315 1048 1388 papillis

168 1407 266 1475 Basia,
286 1407 329 1461 mi
347 1407 471 1478 rapiunt
489 1425 540 1462 ore
560 1409 596 1462 ab
616 1407 726 1462 anhelo
745 1407 885 1462 animam.

135 1496 198 1549 Nec
217 1495 259 1548 mi
278 1496 402 1550 ostende
423 1514 559 1550 manum:
587 1496 643 1552 illa
661 1495 736 1550 mihi
753 1495 833 1566 potis
854 1502 900 1550 est
920 1493 1037 1566 aperire

168 1585 280 1640 Pectus
299 1590 332 1639 et
350 1602 365 1639 e
386 1585 485 1640 medio
504 1585 636 1640 evellere
657 1585 744 1639 corde
765 1584 906 1638 animam.
983 1580 985 1584 ’

134 1675 175 1727 Et
193 1673 235 1726 mi
255 1675 379 1729 ostende
395 1675 524 1746 aliquid:
543 1676 723 1731 moribundo
737 1676 801 1730 abit
819 1692 910 1745 aegra
923 1674 996 1729 mihi
1008 1691 1109 1745 mens3

169 1762 219 1815 Nil
239 1763 336 1831 video,
356 1781 450 1834 quum
468 1770 508 1831 te,
528 1766 581 1819 lux
600 1783 675 1833 mea,
695 1783 757 1821 non
776 1765 873 1820 video.

131 1851 211 1916 Quid
229 1859 331 1907 tamen
351 1855 479 1924 optarim
499 1855 618 1910 ostendi
636 1855 728 1910 mihi?
753 1855 825 1928 quid
844 1854 902 1909 tibi
922 1854 953 1907 in
973 1853 1037 1925 ipso
1058 1861 1106 1908 est

166 1943 300 2013 Corpore,
320 1963 380 2015 quo
401 1945 466 1999 viso
485 1961 546 1998 non
566 1945 667 1999 subito
686 1943 830 2015 peream?

131 2032 225 2101 Tolle,
244 2052 358 2104 precor,
379 2033 515 2088 tunicam
535 2033 699 2101 tantillum,
720 2039 751 2088 et
769 2050 892 2104 pascere
912 2034 1025 2089 ocellos

165 2124 200 2176 ln
219 2125 294 2194 pede
313 2125 494 2194 languentes
513 2141 560 2177 me
581 2123 645 2178 sine
667 2122 838 2178 candidulo.

127 2212 186 2267 Sed
204 2213 277 2284 quid
296 2230 351 2283 ego
370 2211 477 2282 optavi
495 2212 592 2266 mihi?
610 2212 713 2283 paullo
733 2218 803 2265 ante
824 2211 888 2282 ipse
908 2217 980 2267 tuus
999 2230 1052 2283 pes

164 2305 213 2358 Me
233 2303 356 2359 incessu
375 2310 481 2358 tenero
500 2302 658 2358 dimidium
676 2302 855 2357 abstulerat.

130 2394 218 2458 Quod
237 2393 262 2448 si
281 2400 355 2448 tunc
374 2393 442 2448 imis
460 2411 476 2448 e
498 2392 636 2448 vestibus
656 2391 839 2448 exseruisset

163 2483 266 2537 Unum
284 2482 334 2537 vel
353 2481 510 2536 minimum
531 2488 611 2536 sorte
633 2482 735 2555 aliqua
753 2481 891 2552 digitum,

125 2572 255 2644 Liquere
276 2589 323 2626 me
345 2570 452 2643 cupide
471 2570 607 2640 vidisses,
627 2589 675 2625 me
695 2570 786 2626 simul
806 2587 926 2624 omnem

161 2657 301 2715 Affusum
319 2659 402 2714 dulci
421 2659 509 2714 dulce
529 2659 605 2713 mori
625 2659 729 2731 digito,

125 2750 240 2804 Verum
254 2748 316 2819 jam
336 2765 418 2818 cane,
437 2749 492 2803 lux
510 2765 594 2818 mea;
611 2748 674 2818 jam
692 2748 775 2816 mihi,
795 2749 849 2802 lux
869 2767 944 2818 mea,
965 2754 1062 2803 totam

161 2839 203 2892 'Pe
222 2845 325 2908 retego
346 2844 437 2909 atque
458 2855 562 2892 omnes
582 2837 624 2891 mi
641 2837 708 2893 face
729 2838 862 2893 delicias.

123 2926 200 2980 Nam
218 2925 245 2980 si
263 2944 343 2982 mors
362 2926 508 2994 obeunda,
526 2926 645 2982 inhians
664 2927 697 2981 in
716 2933 755 2996 te,
776 2945 850 2997 mea,
871 2927 982 2996 malim,

157 3014 236 3082 Vita,
258 3015 340 3083 mori,
361 3016 442 3086 quod
461 3016 527 3070 vita
546 3023 592 3070 est
613 3015 780 3086 amabilius,

124 3105 222 3169 Quam
241 3105 337 3160 tristis
357 3104 506 3160 desiderio
526 3106 682 3160 tabescere
702 3105 796 3160 amati

158 3194 304 3264 Corporis,
325 3194 404 3249 unde
425 3195 517 3250 miser
535 3195 600 3264 sim,
621 3202 652 3250 et
671 3196 800 3266 decuplo
819 3213 948 3267 peream.

139 3382 190 3424 Nel
205 3382 272 3426 libro
288 3383 330 3425 del
346 3383 477 3426 Tolomei:
496 3385 565 3427 Verri
579 3387 602 3427 et
615 3385 695 3438 νομοῖο
710 3387 738 3428 de
754 3386 779 3428 lc
793 3388 957 3438 nuovapoeric
972 3389 1081 3441 toscona,

95 3449 133 3502 (in
149 3452 237 3501 Roma,
253 3464 300 3506 per
315 3452 430 3495 Antonio
440 3451 521 3494 Blado
536 3451 643 3495 (l’Asoln
653 3453 698 3494 nel
714 3458 834 3506 unxxxix)
851 3452 951 3496 trovasi
961 3465 1015 3494 una
1024 3465 1084 3495 ver·

96 3517 168 3627 εὲἱοιιο
178 3518 290 3562 metrica
304 3518 331 3561 di
342 3518 520 3572 quest'elcgia‚
532 3518 559 3561 la
573 3519 650 3571 quale
666 3531 718 3561 non
732 3519 818 3574 parmi
833 3519 930 3562 inutile
940 3518 984 3572 qui
1000 3518 1083 3572 ripre-

117 3594 179 3626 urre
190 3599 196 3627 ε
