2550 4176
157 497 241 552 “Seu
261 497 376 551 aalamo
397 496 500 551 condis
520 512 663 550 numeros
683 500 715 550 et
734 493 868 548 earmina
887 501 1008 565 sumpto

192 580 281 635 “Illa
300 599 411 636 novem
430 587 558 653 possunt
576 580 690 651 scripta
710 580 816 635 decere
837 582 925 644 Deae,

157 667 171 696 ‘⁴
183 666 294 720 Nablia
312 684 367 720 seu
387 665 593 738 citharamque
613 683 706 720 manu
725 681 901 735 percurrere
922 664 1044 730 eburna,

194 748 259 807 “Et
278 750 362 807 varia
381 750 512 822 Ogygios
530 756 595 804 arte
617 749 695 804 aiere
715 749 829 816 modos,

158 839 242 894 “Seu
262 854 404 894 revocare
424 835 501 890 Padi
519 835 635 891 vicinas
656 834 795 889 cantibus
813 833 918 897 undas,

194 925 208 954 ‘⁴
219 923 407 978 Mulaantem
426 921 509 976 dulei
527 919 654 974 flumina
673 925 762 990 capta
782 937 865 986 sone,

158 1010 242 1064 “Seu
260 1015 292 1063 te
311 1007 464 1062 nexilibus
479 1006 569 1077 juvat
586 1005 744 1075 indulgere
764 1003 892 1071 choreis,

194 1092 260 1147 “Et
276 1091 362 1146 facili
381 1092 417 1146 ad
437 1108 597 1146 numerum
616 1088 811 1144 substituisse
830 1089 916 1159 peda,

158 1176 283 1242 “Quam
302 1176 404 1242 timeo,
424 1193 461 1229 ne
482 1174 551 1246 quis
570 1181 712 1244 spectans
730 1174 805 1228 haee
825 1173 903 1227 forte
925 1176 1061 1228 Deorum

195 1261 209 1289 “
222 1261 264 1315 Te
282 1261 425 1332 praedam
443 1259 542 1314 media
560 1265 664 1330 raptor
682 1260 719 1313 ab
740 1276 807 1319 arae
828 1264 921 1329 petat,

158 1347 172 1376 “
185 1344 411 1417 Sublimamque
430 1344 511 1399 ferat
530 1344 649 1399 levibus
668 1360 758 1413 super
776 1342 901 1398 aethera
919 1343 1033 1414 pennis,

195 1430 342 1500 “Datque
363 1429 435 1484 novi
455 1429 540 1483 eoelo
559 1427 667 1484 sideris
687 1445 753 1482 esse
775 1427 877 1482 Deam.

160 1517 174 1544 ‘⁴
187 1515 343 1587 Quidquid
362 1515 435 1586 agis,
456 1515 529 1586 quid
548 1513 621 1585 quid
635 1513 778 1584 loqueris,
798 1513 933 1568 delectat
951 1519 983 1567 et
998 1531 1101 1568 omnes

196 1601 211 1630 “
223 1601 418 1656 Praecedunt
438 1599 584 1664 Charites,
604 1598 860 1670 subsequiturque
882 1599 984 1652 decor.

160 1771 289 1840 “Atque
310 1786 373 1840 ego,
393 1767 446 1837 qui
464 1767 591 1822 miseros
611 1767 682 1821 olim
702 1784 828 1822 securus
847 1773 984 1822 amantes

196 1853 211 1882 “
222 1852 378 1920 Ridebam,
399 1859 430 1906 at
448 1851 533 1907 saevi
552 1870 644 1923 regna
662 1852 792 1922 superba
810 1851 876 1925 Dei,

160 1940 175 1969 “
186 1941 427 2011 Spectabamque
446 1938 523 1992 mari
541 1939 658 1994 laceras
677 1937 713 1993 de
733 1937 838 1992 littore
857 1955 981 2008 puppes,

197 2025 311 2080 “Nune
331 2043 403 2095 agor
422 2024 453 2078 in
474 2041 580 2078 caecas
599 2022 766 2094 naufragus
786 2021 850 2093 ipsa
870 2023 955 2078 vias¹

148 2181 318 2263 Davver0‚
347 2179 589 2265 speeialmente
623 2179 659 2243 in
688 2179 802 2264 questi
830 2179 946 2244 ultimi
972 2187 1111 2265 quattro

147 2295 247 2377 versi,
264 2316 334 2359 non
351 2317 413 2380 par
428 2295 489 2380 piir
504 2296 648 2362 l’autore
664 2294 721 2361 del
736 2297 897 2363 Benacus.
958 2319 959 2324 ¹

213 2411 361 2476 Peeaato
385 2411 448 2476 ehe
463 2409 490 2475 il
513 2413 725 2496 FraaastorO,
749 2411 774 2477 il
792 2413 892 2498 quale
909 2412 940 2477 ai
963 2410 1008 2478 ha
1031 2411 1112 2478 dato

147 2548 196 2591 un
208 2547 329 2610 poema
341 2527 444 2591 unico
458 2549 583 2592 ancora
595 2529 655 2593 nel
667 2549 727 2593 suo
741 2529 880 2613 genere,
894 2536 1022 2594 assorto
1035 2548 1113 2594 aon-

148 2641 367 2708 tinuamante
387 2643 441 2707 ne’
466 2644 541 2708 suoi
556 2641 650 2710 studi
666 2645 794 2709 austeri
818 2643 854 2709 di
870 2645 1053 2727 medicina,
1079 2646 1113 2711 di

148 2760 293 2828 filosofia
316 2784 334 2825 e
359 2760 610 2842 d'astronomia,
636 2785 654 2826 a
679 2768 890 2827 tormentata
915 2784 1032 2847 spesso
1058 2762 1114 2829 dal

149 2877 277 2945 dubbio
295 2901 312 2942 e
329 2877 371 2943 da
389 2878 505 2962 quegli
522 2877 698 2959 saanforti,
716 2878 778 2943 ohe
795 2878 1071 2964 gl’inspiravano
1088 2878 1114 2942 ii

149 3017 262 3061 carme
286 2992 342 3058 Ad
365 2994 410 3058 M.
436 2992 625 3060 Antoniam
649 2995 860 3060 Flaminiam
876 3002 906 3058 et
925 2993 1115 3061 Galaatiara

150 3112 423 3188 Florimorrtiara,
455 3107 602 3173 sublime
643 3111 781 3194 querela
811 3108 900 3175 dello
932 3110 1114 3176 soienziato

151 3232 273 3292 eontra
290 3227 324 3290 la
339 3233 464 3292 natura
479 3225 542 3290 ohe
559 3225 628 3292 alla
643 3246 703 3290 sua
718 3223 883 3313 indagine
901 3249 1034 3313 sempre
1053 3227 1113 3311 pih

150 3365 194 3409 va
210 3340 386 3408 celandosi
402 3365 419 3406 e

192 3566 198 3592 ¹
220 3563 311 3616 Gerra.
329 3563 366 3612 ad
381 3561 536 3614 Lucretiam
547 3562 677 3630 Borqiam
694 3565 848 3617 Ferrarius
865 3564 1013 3616 Daciarum.
