2550 4176
148 413 306 486 Projeotus
325 420 358 469 et
377 412 458 471 curis
478 414 597 470 solutus
618 413 759 469 omnibus

150 504 248 572 Canis
268 504 347 575 quod
365 502 430 575 ipsa
450 502 564 558 circum
583 502 681 574 imago
701 507 848 558 consonet

148 595 190 649 Et
208 594 270 648 alta
288 593 418 648 reddant
436 591 588 647 montium
608 591 773 647 cacumina.

150 683 238 740 Felix
256 684 331 748 Iole,
351 701 432 737 nunc
452 681 509 737 tibi
523 681 595 737 ¹fons
614 681 793 752 languidum

150 773 249 830 Affert
268 790 407 843 soporem
425 771 600 827 blandiente
619 790 783 838 murmure,

150 863 240 918 Nunc
259 859 343 916 dulci
361 878 462 915 amore
480 859 602 916 saucius
621 866 693 917 tuos
711 861 798 916 novis

150 951 264 1007 lucidis
283 951 369 1022 ignes
388 949 517 1021 populis,
537 956 568 1006 et
586 950 691 1021 stipite

152 1041 314 1097 Crescente
335 1038 453 1094 dulcior
472 1039 561 1095 simul
582 1039 693 1095 crescit
707 1041 797 1096 calor.

152 1131 267 1185 Tecum
285 1129 318 1184 in
336 1128 461 1183 reducta
480 1130 561 1186 valle
580 1147 652 1201 grex
671 1130 851 1202 depascitur,

151 1219 365 1290 Quantumque
383 1217 483 1286 longis
503 1218 619 1273 solibus
639 1225 768 1290 carpunt
786 1236 868 1286 oves,

151 1307 244 1364 Brevi
262 1307 393 1378 resurgit
411 1312 508 1374 nocte,
528 1314 632 1362 tecum
650 1325 777 1378 vespere

43 1408 47 1413 '
71 1462 73 1467 Α
151 1398 299 1471 Surgente
319 1395 400 1451 notis
417 1395 570 1451 clauditur
588 1396 792 1468 praesepibus,

153 1485 312 1557 Astrisque
329 1485 392 1556 jam
412 1485 600 1553 cadentibus,
622 1503 691 1539 cum
709 1503 822 1557 pascua

156 1578 254 1631 Lento
274 1575 454 1630 madescunt
472 1592 548 1640 rore,
567 1574 688 1646 prosilit
706 1594 798 1647 pecus

152 1665 262 1720 Molles
282 1665 319 1719 ad
337 1664 452 1719 herbas
473 1662 533 1725 Hic
552 1663 609 1718 tibi
627 1671 702 1719 tunc
721 1662 829 1719 alitum

153 1756 413 1827 Congratulantur
432 1761 554 1810 cantus:
573 1754 623 1810 hic
642 1754 786 1811 felicibus

151 1845 275 1918 Aspirat
295 1845 379 1901 auris
399 1846 578 1915 obstrepens
598 1844 761 1900 Favonius

152 1938 194 1992 At
213 1942 256 2004 tu,
276 1936 365 1990 beate
384 1939 494 2005 pastor,
514 1933 572 1988 isto
592 1952 718 1989 munere

153 2026 214 2081 Diu
233 2025 351 2093 fruare;
370 2041 425 2078 nec
444 2040 552 2078 nemus
571 2042 628 2078 nec
647 2022 754 2078 florida

43 2120 45 2122 ’
153 2112 292 2169 Offendat
312 2129 385 2167 arva
403 2109 500 2182 frigus
520 2129 603 2167 acre:
624 2111 677 2166 sed
697 2110 753 2166 tibi

152 2204 288 2259 Aeterno
308 2201 407 2271 aperti
424 2218 495 2258 vere
515 2201 645 2258 floreant
662 2201 735 2273 agri.

496 2455 541 2506 11.
621 2469 624 2475 ’

376 2605 654 2675 DAPHNIS
754 2704 761 2713 ἱ

395 2746 558 2801 (Elegiarum
572 2746 640 2798 Lib.)

152 2911 248 2964 Beate
266 2907 343 2974 fone,
364 2908 461 2962 ocelle
480 2906 614 2962 fontium
633 2907 769 2961 omnium

154 2997 215 3064 Qui
233 2997 316 3068 picta
335 2995 441 3051 multis
460 3001 547 3066 prata
565 2994 690 3050 floribus
709 2993 797 3066 rigae,

157 3085 284 3157 Tuoque
304 3101 431 3140 suavem
449 3083 549 3138 rivulo
567 3083 699 3139 halitum
718 3082 832 3155 accipis

153 3174 243 3230 Unde
263 3174 327 3245 ipse
347 3173 480 3229 odoratis
500 3191 619 3246 quoque
640 3173 738 3229 affluis
758 3173 860 3245 aquis:

154 3264 219 3318 Has
238 3263 389 3334 lacrymas
408 3261 493 3318 saevi
511 3260 624 3317 doloris
643 3261 769 3317 nuntias

155 3351 291 3424 Daphnis
311 3353 444 3407 secundo
464 3369 565 3406 amore
582 3350 646 3421 jam
665 3350 730 3407 Diis
748 3352 913 3423 proximuS,

155 3442 243 3496 Nunc
263 3440 400 3495 omnium
419 3440 615 3506 miserrimus
635 3438 712 3494 libat
730 3439 801 3496 tibi:

157 3531 202 3586 Ut
219 3528 302 3584 bella
321 3528 426 3595 Erilla,
446 3528 518 3582 dum
538 3528 637 3583 calore
657 3527 801 3599 languida

156 3618 231 3676 Tuis
249 3618 411 3691 refrigerat
429 3618 557 3692 papillas
577 3617 708 3690 unduliS,
