2550 4176
149 273 184 327 46

166 377 300 442 Dixerat,
321 381 354 429 et
371 373 485 445 pariter
502 393 699 448 gressumque
718 375 831 432 avertit
849 381 882 431 et
900 393 968 431 ora:

200 466 266 519 Non
286 464 391 518 oeulos
409 469 530 534 poterat
544 464 608 535 jam
626 463 757 519 tolerare
778 470 888 520 truces.

165 553 317 609 Continuo
335 553 473 607 ardentes
493 552 625 609 stimulis
644 552 720 608 eitat
738 552 793 608 illa
811 553 927 622 leonori,

199 641 324 713 Saepius
343 647 375 696 et
392 640 485 696 ducto
504 648 606 698 versat
624 642 656 696 in
676 643 746 697 orbe
766 640 873 698 faoem.

164 732 287 786 Interea
304 731 482 785 humentem
501 731 601 787 noetis
619 732 772 788 variantia
790 731 905 803 pallam

200 821 353 890 Hesperus
372 818 402 873 in
421 820 516 874 rutilo
536 827 688 891 sparserat
707 826 790 876 astra
802 820 885 891 polo.

165 909 289 965 rllbiera
309 908 340 963 in
358 909 472 980 patrios
487 909 551 981 jam
574 910 701 966 eandida
713 910 850 964 membra
867 915 996 979 penates

199 997 359 1065 Intulerat,
379 997 465 1053 molli
485 997 729 1071 constiteratque
747 1004 830 1053 toro:

163 1090 234 1143 Jam
253 1096 360 1143 tenero
378 1086 531 1158 placidum
550 1087 684 1158 spirabat
702 1095 828 1160 pectore
848 1107 997 1157 somnum,

201 1177 295 1233 Venit
313 1177 351 1231 ad
370 1178 525 1231 obstrusos
545 1195 614 1231 eum
635 1180 700 1233 Dea
719 1194 810 1231 saeva
830 1178 919 1234 lares.

164 1269 231 1334 Quo
250 1266 314 1332 dea,
335 1284 394 1335 quo
413 1265 535 1320 tendis?
549 1283 610 1319 non
631 1272 662 1321 te
682 1265 911 1338 lachrymabilis
930 1273 1013 1333 aetas

197 1357 265 1410 Non
284 1362 314 1410 te
334 1355 432 1409 forma
451 1363 561 1422 movet,
583 1374 644 1410 non
663 1356 766 1426 pudor,
787 1363 842 1412 aut
860 1357 1020 1428 probitas?

164 1447 231 1500 Non
249 1463 288 1500 ne
307 1451 433 1500 movent
451 1445 685 1517 lachrymaeque
705 1444 764 1500 viri
777 1445 1012 1519 lachrymaeque
1032 1464 1127 1517 paren-

198 1533 358 1589 Mortalem
376 1539 464 1604 potos
482 1534 520 1588 ah
539 1535 673 1604 perdere,
693 1551 781 1599 saeva,
800 1535 911 1590 deam?
1014 1535 1105 1610 [tuml

164 1622 284 1677 Limina
304 1621 489 1693 contigerat3
510 1628 702 1677 tremuerunt
719 1621 833 1690 limina,
853 1624 954 1694 pallor

198 1709 309 1764 Infecit
327 1715 438 1779 postes,
458 1715 491 1764 et
509 1715 635 1781 patuere
653 1710 742 1766 fores.

166 1798 346 1869 Virgineum
364 1797 442 1869 petit
460 1798 514 1853 illa
532 1805 642 1864 torum,
662 1797 848 1871 pavidaeque
867 1801 988 1871 puellae

199 1888 326 1941 Peotore
347 1887 383 1941 ab
403 1887 542 1942 obsooeno
561 1886 634 1943 talia
653 1886 735 1942 diota
752 1888 860 1943 refert:

167 1978 252 2043 Quae
271 1975 420 2046 placidam
439 1976 536 2047 carpis
555 1993 663 2031 seoura
680 1983 783 2032 mente
796 1976 941 2049 quietem,

198 2068 239 2120 Et
256 2064 313 2118 fati
332 2071 364 2119 et
382 2063 472 2120 sortis
491 2065 593 2120 nesoia
611 2064 696 2135 virgo
716 2071 798 2132 tuae,

163 2155 302 2208 Nondum
321 2172 410 2209 saeva
430 2171 515 2209 meae
536 2153 661 2209 sensisti
679 2155 809 2210 vulnera
828 2156 963 2224 dextrae,
985 2176 988 2181 ·

198 2241 280 2306 Quae
300 2241 356 2296 tibi
375 2260 429 2314 ego
450 2249 481 2297 et
500 2259 619 2297 meeum
639 2260 715 2314 quao
730 2242 787 2298 tibi
804 2244 868 2298 fata
885 2252 1002 2316 parant.

163 2331 230 2384 Stat
248 2349 343 2385 vacua
361 2335 416 2386 tua
434 2331 530 2386 Paroa
550 2331 625 2398 eolo,
646 2330 796 2386 moritura
814 2335 934 2404 puella3

197 2422 241 2474 Ne
259 2439 355 2491 geme,
374 2439 444 2476 oum
461 2421 550 2477 duloe
572 2427 619 2476 est
631 2421 746 2488 vivere,
767 2423 858 2478 dulce
878 2425 956 2479 mori
976 2431 1032 2479 est.
1092 2417 1095 2423 ’

163 2509 212 2563 Sio
232 2509 290 2578 ait,
310 2509 544 2583 aestiferamque
564 2510 700 2566 excussit
718 2512 864 2581 lampada,
884 2518 916 2566 et
935 2530 1020 2568 aeres

198 2596 332 2668 Virginis
351 2597 458 2669 injecit
477 2599 553 2653 dura
573 2600 628 2654 sub
648 2617 716 2654 ossa
734 2597 827 2654 faces.

162 2687 240 2741 'lum
259 2686 352 2741 letale
372 2689 444 2758 gelu
462 2687 627 2758 invergens
646 2693 809 2758 guttasque
829 2687 947 2754 veneni,

197 2778 317 2832 Inserta
335 2778 395 2833 heu
414 2776 509 2844 venis,
530 2774 638 2846 effugit
657 2776 736 2841 inde,
756 2793 842 2831 nece.

163 2868 287 2925 Excitat
306 2867 360 2924 illa
373 2857 463 2939 'gravi
481 2865 617 2937 geminos
637 2866 767 2920 elamore
787 2871 937 2936 parenteS,

198 2958 337 3014 Advoeat
355 2958 510 3012 absentem
529 2953 637 3009 nuntia
655 2954 736 3007 fama
755 2952 863 3009 virum.

162 3047 288 3103 Vioinae
309 3045 462 3117 extemplo
480 3053 592 3099 matres
611 3035 806 3114 trepidaeque
827 3043 947 3113 puellae

199 3136 399 3200 Conveniunt,
420 3139 541 3188 teneras
559 3131 654 3185 imbre
674 3129 792 3201 rigante
812 3147 916 3202 genas.

162 3227 233 3282 Jam
251 3226 316 3280 fera
335 3224 487 3296 virgineas
506 3220 669 3293 populatur
686 3218 807 3273 flamma
827 3221 984 3288 medullas,

198 3317 218 3370 J
221 3332 269 3369 am
287 3314 387 3387 gelida
406 3317 528 3382 torpent
546 3307 668 3363 horrida
681 3309 815 3362 membra
834 3308 914 3365 nive.

161 3403 304 3475 Liquitur
322 3402 445 3472 infelix3
464 3416 525 3455 nou
544 3415 592 3453 ars
614 3412 738 3467 operosa
756 3396 940 3465 medentum,

197 3494 264 3548 Non
283 3493 365 3548 faeta
385 3511 403 3548 a
420 3490 530 3546 misero
550 3486 676 3557 conjuge
698 3489 769 3538 vota
784 3483 903 3554 juvant.
