2550 4176
218 316 272 374 106

188 421 191 428 '
233 422 304 480 Vidi
324 439 380 493 ego
398 438 452 492 pro
471 418 579 478 vitulis
596 419 693 480 fortes
713 438 892 479 concurrere
912 425 1026 490 tauros,

268 514 310 567 Et
327 510 460 582 pretium
478 512 594 582 palmae
614 511 691 567 sima
710 512 827 583 capella
844 510 912 566 fuit.

233 601 410 672 Jungantur
425 600 488 671 jam
506 600 627 672 griphes
646 600 742 673 equiS,
760 602 879 673 lepores
899 599 1093 672 canibusque,

268 691 289 745 J
291 707 340 743 em
358 691 465 760 vulpes
483 687 583 758 hircis,
604 689 789 762 candidaque
808 708 886 762 agna
904 690 985 760 lupo.

234 779 348 835 Enatet
365 777 398 834 in
416 778 498 833 sicco
517 795 695 851 squamosus
714 778 819 834 littore
838 777 938 850 piscis,

269 867 376 922 Currat
395 869 475 923 etin
495 867 600 923 nitidis
618 866 763 924 fluctibus
782 885 853 923 acer
871 867 950 922 onix.

235 956 425 1025 Roscidaque
444 957 477 1011 in
495 956 578 1028 picto
597 962 763 1012 nascantur
781 957 918 1028 gramina
937 957 1032 1024 coelo,

272 1045 423 1118 Terraque
444 1047 586 1118 sydereae
605 1045 737 1116 perferat
756 1045 821 1118 ipsa
839 1046 929 1101 faces.

235 1135 343 1191 Omnia
361 1141 523 1191 vertantur
537 1135 607 1206 jura
626 1141 658 1190 et
676 1134 831 1206 primceva
849 1140 1019 1205 parentum,

270 1225 461 1297 Incipiatque
480 1225 568 1281 novis
587 1225 706 1296 legibus
726 1224 807 1280 orbis
826 1224 883 1296 agi.

238 1317 262 1371 Ο
282 1314 393 1371 summi
411 1315 515 1388 regina
532 1314 635 1386 Paphi,
655 1333 672 1370 o
690 1315 863 1386 pharetrate
884 1313 1007 1385 Cupide,

270 1404 302 1459 Si
321 1403 427 1472 merui,
447 1404 526 1460 votis
545 1422 635 1473 nunc,
655 1421 736 1474 roge,
756 1404 860 1459 adeste
879 1403 961 1458 meis.

238 1493 309 1547 Heu
328 1492 420 1547 facite
440 1492 560 1548 assiduo
579 1498 759 1564 rumpantur
778 1492 885 1547 utilia
903 1496 997 1561 motu,

273 1585 338 1638 Aut
356 1582 457 1638 subito
476 1583 531 1637 fiet
548 1583 645 1654 primo
664 1582 696 1636 in
716 1600 818 1638 amore
837 1582 921 1652 lapis.

240 1672 307 1726 Hoc
326 1671 405 1741 petit
423 1671 591 1726 innumeris
609 1671 749 1741 precibus
768 1669 971 1726 moestissima
990 1668 1109 1735 coniux,

274 1763 315 1816 Et
332 1761 430 1816 multo
449 1760 570 1815 domina
589 1760 706 1815 tristior
724 1759 787 1830 ipse
804 1765 883 1830 peto.

241 1849 364 1906 Crimen
383 1849 441 1905 erit
460 1851 554 1904 talem
573 1867 634 1904 non
654 1848 813 1905 exaudisse
832 1849 974 1919 puellam,

278 1939 361 2003 Quae
380 1938 438 1993 tibi
457 1937 600 2009 coniungi
619 1937 709 2009 digna
727 1944 801 2006 erat,
821 1938 899 1992 alme
918 1954 1001 2007 puer.

239 2028 286 2082 Tu
305 2034 417 2094 tamen,
436 2045 453 2081 0
474 2044 541 2081 mea
558 2027 622 2094 lux,
642 2026 795 2082 constanti
813 2026 888 2081 haec
905 2032 1008 2081 mente
1029 2032 1142 2095 tacete,

275 2118 360 2184 Quae
378 2116 454 2174 mihi
472 2116 623 2171 moerenti
641 2115 772 2171 scribere
789 2116 881 2187 jussit
899 2135 989 2172 amor.

241 2209 326 2263 Hora
344 2206 419 2260 mihi
437 2206 572 2276 immitis,
591 2224 684 2278 quum
702 2224 756 2263 vos
776 2205 932 2278 conjungit
951 2206 983 2261 in
1002 2225 1106 2278 unum,

275 2297 417 2368 Accipias
436 2296 583 2369 quidquid
601 2314 711 2366 quaeso
732 2303 839 2353 coacta
856 2298 953 2352 datur.

238 2384 410 2441 Blanditiae
430 2390 560 2454 taceant,
579 2384 732 2440 luctantia
750 2391 782 2442 et
801 2387 905 2442 oscula
927 2395 1038 2460 carpat,

274 2474 377 2531 Invita
396 2479 427 2529 et
444 2474 536 2528 lateri
555 2490 687 2542 consere,
706 2474 802 2546 virgo,
821 2477 913 2532 latus.

239 2567 341 2624 Invita
359 2565 487 2622 hirsutis
506 2566 607 2622 tradas
625 2571 680 2621 tua
699 2568 779 2622 colla
796 2567 927 2637 lacertis,

275 2660 378 2716 Invita
397 2666 428 2715 et
447 2659 571 2716 niveum
591 2677 658 2714 cum
677 2661 752 2731 pede
772 2678 849 2732 pone
870 2661 985 2732 pedem.

239 2752 342 2821 Atque
367 2755 421 2805 tuo
440 2750 537 2805 nostri
556 2750 685 2805 subeant
704 2750 737 2804 in
754 2759 877 2822 pectore
897 2753 1012 2821 vultus²

276 2839 321 2895 Ut
340 2839 435 2910 magis
454 2857 472 2894 a
489 2839 549 2894 fido
568 2839 609 2895 sis
628 2839 729 2895 aliena
747 2841 822 2896 vire.

240 2929 325 2984 Haec
344 2927 370 2983 si
388 2927 585 2999 praestiteris
605 2928 632 2984 si
650 2928 747 2984 nostri
764 2928 885 2984 flamma
903 2931 1044 3000 manebit,

276 3017 449 3090 Numquam
467 3019 504 3073 ab
523 3034 625 3072 amore
644 3024 698 3073 tuo
717 3017 814 3074 libera
833 3021 923 3076 corda
939 3020 1044 3076 feram.
