2550 4176
251 282 287 339 60

372 389 521 462 Principis
540 390 637 446 nostri
656 391 749 447 decus
769 400 866 465 atque
885 394 991 450 laudes

411 481 512 546 Fama,
531 499 586 551 per
604 482 681 536 letas
700 481 831 552 spatiata
850 490 956 552 terras,

411 567 538 634 Evehat,
558 587 617 640 qua
636 569 686 623 Sol
706 569 807 624 oriens
827 571 997 643 cadensque

800 659 901 713 Frena
919 668 1091 733 retorquet,

375 758 502 829 Quaque
523 777 585 812 non
604 766 692 814 notos
710 761 839 831 populos
858 767 889 816 et
908 763 999 818 urbes

408 847 539 901 Damnat
557 849 692 903 aeternis
710 850 818 904 Helice
838 849 971 922 pruinis;
1075 902 1082 920 ‚

410 937 538 1006 Quaque
558 936 714 993 ferventes
733 938 871 994 cumulos
891 958 999 996 arenae

339 1018 343 1025 '
797 1030 933 1102 Dissipat
953 1035 1077 1090 Auster.

371 1126 428 1179 Ille
449 1133 621 1182 crescentes
639 1135 805 1184 veneratus
824 1149 920 1186 annos

405 1215 502 1281 Vatis,
522 1217 680 1289 antiquum
700 1217 862 1274 referentis
882 1225 984 1275 ortum

406 1304 523 1376 Stirpis,
543 1312 576 1360 et
595 1306 711 1360 clarum
730 1324 834 1378 genus,
855 1314 886 1363 et
907 1315 1069 1380 potentum

799 1398 916 1453 Nomen
938 1418 1079 1472 avorum,

371 1499 510 1555 Contulit
529 1499 614 1571 larga
632 1517 795 1555 numerose
812 1501 920 1556 dextra

403 1591 503 1658 Dona;
524 1596 555 1644 et
575 1588 700 1661 ignavae
720 1589 862 1645 stimulos
878 1592 1025 1662 juventae

403 1678 536 1749 Addidit,
557 1678 657 1744 silvas
679 1684 711 1734 et
730 1679 827 1741 amica
846 1679 941 1736 Musis

794 1769 865 1825 Otia
882 1772 1041 1842 praebens.

711 2157 749 2206 V.

533 2300 790 2368 CALENDAE
811 2301 927 2369 MAJI

553 2441 786 2498 (Epigrammaton,
803 2443 860 2486 Lib.
876 2442 904 2494 ι.)

262 2632 362 2702 Majus
382 2631 479 2701 adest,
499 2631 536 2685 da
554 2634 643 2698 serta,
663 2647 752 2700 puer:
772 2629 816 2686 sic
835 2638 942 2687 sancta
961 2639 1103 2691 vetustas

292 2717 448 2786 Instituit;
467 2715 560 2788 prisci
579 2715 623 2771 sic
643 2717 774 2772 docuere
793 2724 905 2788 patres.

259 2810 361 2878 Junge
380 2806 524 2861 hederam
543 2805 648 2876 violis,
669 2812 804 2878 myrtum
823 2809 950 2883 subtexe
971 2808 1125 2883 ligustris;

292 2897 371 2953 Alba
389 2895 571 2952 verecundis
591 2893 655 2949 lilia
673 2895 763 2966 pinge
783 2895 869 2952 rosis.

257 2985 379 3042 Fundat
397 2985 595 3040 inexhaustos
614 2984 690 3039 mihi
708 2985 830 3040 decolor
849 2986 943 3042 Indus
963 2988 1087 3044 odores:

294 3079 335 3131 Et
353 3074 429 3130 fluat
448 3074 574 3147 Assyrio
594 3092 698 3146 sparsa
716 3075 834 3144 liquore
855 3094 947 3131 coma.

258 3165 392 3221 Grandia
410 3163 529 3219 fumoso
551 3170 693 3236 spument
713 3164 848 3219 cristalla
867 3167 984 3238 Lyaeo:

293 3256 334 3310 Et
352 3255 444 3320 bibat,
464 3255 496 3309 in
516 3254 628 3310 calices
648 3255 732 3326 lapsa
752 3271 862 3310 corona
881 3273 971 3311 meos

260 3345 336 3399 Post
355 3344 472 3399 obitum
490 3363 552 3398 non
571 3344 635 3400 ulla
654 3344 729 3399 mihi
748 3343 902 3399 carehesia
920 3350 1014 3415 ponet

292 3436 420 3489 Aeacus.
462 3433 595 3490 Infernis
614 3452 676 3487 non
695 3433 776 3490 viret
793 3450 854 3487 uva
869 3431 958 3503 jugis·

256 3524 327 3580 Heu
346 3540 459 3579 vanum
478 3523 606 3577 mortale
627 3539 731 3594 genus,
751 3521 823 3594 quid
842 3520 952 3593 gaudie
968 3515 1093 3579 differs?

65 3654 191 3920 Ι
293 3612 379 3668 Falle
399 3611 494 3667 diem:
513 3612 620 3669 mediis
638 3631 719 3668 mors
738 3613 825 3669 venit
844 3618 911 3668 atra
925 3611 1013 3684 jocis.
