2550 4176
171 303 188 356 4

171 421 185 455 e
202 406 281 456 dallo
299 407 416 471 Scopas).
434 435 464 443 -
480 408 634 458 Rnuoeiao.
655 407 807 459 Contributi
823 408 884 458 alla
899 407 986 459 storia
1002 411 1150 476 bioprafica

169 480 295 607 {agaim
310 480 340 532 di
356 483 473 534 Antonio
491 480 653 546 Beccadelli,
673 484 742 533 detto
759 481 782 534 il
799 482 967 534 Panormita.
977 512 987 521 -
1005 485 1151 550 Palermo,

645 731 671 780 1.

505 836 806 904 EPITAPHIUM

152 939 336 979 Hoalnc'rau
345 938 492 980 suuuuffls
503 939 647 980 Pusaeus
658 940 865 982 Beatissimae
877 942 916 984 Ac
927 942 1167 986 moaurlssmnu

494 1047 709 1101 (Ermaphroditi,
724 1048 776 1092 [rib.
791 1049 818 1102 1.)

185 1197 351 1267 Postquam
370 1211 537 1249 marmoreo
553 1194 634 1266 jacet
652 1194 709 1250 hoo
727 1195 875 1250 Horiecta
893 1195 1043 1266 sepulcro,

221 1281 291 1349 Ipsa
309 1281 408 1335 Deum
427 1279 546 1334 credam
565 1278 690 1333 numina
708 1296 794 1350 posse
815 1279 901 1335 mori.

184 1363 251 1416 Non
269 1362 329 1417 fuit
347 1361 492 1417 absimilis
511 1361 617 1428 forma,
636 1369 690 1417 aut
708 1362 873 1417 virtutibus
891 1361 964 1433 ipsis

220 1446 397 1514 Coelitibus,
417 1448 513 1502 Senae
532 1447 629 1518 gloria
649 1465 757 1518 magna
776 1464 858 1501 suae.

184 1532 255 1585 Heu
273 1531 332 1587 heu
351 1549 413 1585 non
432 1529 575 1601 probitas,
595 1530 720 1601 species
741 1537 794 1584 aut
814 1531 905 1585 unica
924 1550 1112 1605 quemquam

220 1616 281 1670 Abs
300 1615 478 1670 inclementi
497 1615 616 1671 demere
636 1621 731 1669 morte
751 1620 865 1685 potest,

184 1699 272 1766 Quod
291 1699 317 1754 si
338 1700 420 1754 clara
437 1703 518 1756 Deos
536 1699 630 1755 faciat
648 1698 788 1753 mortalia
805 1697 904 1754 virtus

219 1783 358 1852 Corpora,
377 1783 403 1838 si
422 1784 542 1837 coelum
560 1781 748 1853 simplicibus
767 1788 880 1852 pateat,

183 1860 250 1920 Non
269 1867 406 1923 dubitem
425 1885 476 1937 per
495 1866 558 1921 vim
576 1866 664 1921 modo
683 1865 820 1920 nonsibi
836 1866 905 1938 jura
924 1874 1084 1939 negentur,

217 1950 347 2022 Dojioiet
366 1968 476 2021 supera
495 1951 563 2006 sede
583 1951 685 2021 puella
703 1950 814 2005 Iovem.

629 2157 674 2208 11.

503 2261 804 2330 EPITAPHIUM

275 2367 449 2408 BAPTIS'I'AE
461 2363 682 2407 VIRGUNOULAE
695 2364 821 2406 SORORIS
839 2365 1021 2407 HOROEOTAE

490 2473 708 2528 (Ermaphroditi,
720 2473 776 2518 Lib.
791 2473 820 2526 1.)

248 2627 308 2682 Hic
328 2625 465 2682 tumulus
484 2625 573 2698 longe
593 2623 712 2680 tumulo
730 2622 869 2680 faelicior
888 2625 970 2679 omni

283 2715 439 2787 Baptistae
458 2715 630 2772 auricomas
650 2713 779 2786 virginis
798 2731 865 2768 ossa
883 2713 969 2785 tegit.

247 2806 388 2861 Dulciter
405 2805 480 2861 haec
499 2803 573 2876 agili
590 2802 730 2874 pulsabat
750 2803 889 2876 cymbala
907 2804 1023 2859 dextra.

283 2896 381 2952 Movit
400 2902 431 2951 et
451 2893 582 2950 artifices
601 2892 729 2949 saltibus
748 2891 814 2963 ipsa
833 2894 936 2965 pedes.

247 2983 392 3041 Omnibus
410 2989 442 3039 et
461 2988 562 3049 cantu,
581 2981 741 3053 plusquam
759 2981 945 3049 Philomena,
965 2983 1115 3054 placebat,

282 3074 378 3131 Matre
399 3071 521 3144 quidem
539 3069 646 3141 pulcra
664 3069 799 3140 pulcrior
817 3069 871 3124 illa
889 3070 960 3127 fuit.

246 3161 363 3217 Indolis
383 3159 531 3232 egregiae,
550 3158 613 3213 min
629 3159 688 3213 imo
707 3176 762 3229 pro
782 3176 882 3213 errore
904 3161 1040 3230 rubebat,
1137 3204 1142 3209 .

282 3253 388 3323 Sparsa
406 3252 515 3306 rubore
535 3250 666 3320 placens,
685 3247 754 3303 fusa
774 3248 882 3303 rubore
903 3250 1023 3317 decens,

245 3343 348 3408 Quum
366 3340 443 3396 satis
460 3339 536 3393 haec
556 3338 628 3392 fecit
648 3343 775 3392 naturae
796 3337 866 3392 luce
885 3356 1024 3409 suprema

281 3429 458 3486 Transierat
476 3427 556 3484 vitae
577 3426 628 3481 vix
647 3425 707 3480 duo
726 3425 824 3480 lustra
842 3444 922 3482 suae.

245 3518 294 3573 Sic
313 3517 366 3589 qui
384 3518 464 3572 forte
484 3534 588 3571 manes
609 3516 702 3571 semel
720 3513 923 3584 inclinaverit,
944 3517 1023 3574 idem

279 3605 370 3662 Haud
388 3605 509 3662 facinus
527 3613 669 3676 coeptum
687 3603 862 3661 destituisse
882 3613 990 3676 potest.
