2550 4176
597 582 660 635 111.

430 727 504 794 AD
537 731 820 798 VENEREM

472 869 663 924 (Farraginem,
679 870 725 916 lib.
739 871 783 924 iv.)

154 1034 202 1095 En
220 1039 326 1107 violas,
346 1057 382 1095 en
403 1046 434 1095 et
452 1059 547 1096 verno
566 1041 602 1096 de
624 1042 759 1113 caespite
783 1041 883 1109 florae,

188 1132 237 1185 En
255 1130 361 1188 brevia
378 1131 521 1187 immistis
538 1132 607 1186 lilia
626 1150 695 1188 cum
713 1133 818 1202 violis;

153 1221 201 1273 En
220 1225 350 1287 costum,
370 1225 402 1274 et
420 1219 525 1292 pingui
542 1220 716 1276 lacrimatas
736 1221 847 1277 cortice
868 1222 1014 1294 myrrhas3

189 1310 237 1364 En
255 1327 309 1380 per
328 1309 469 1364 odoratos
488 1311 593 1365 mollia
611 1311 702 1365 thura
720 1310 813 1367 focos.

151 1397 198 1453 Tu
217 1399 338 1469 patulas
358 1399 441 1470 aperi
459 1418 556 1465 nares,
576 1404 648 1466 Dea,
670 1418 747 1475 quae
770 1401 844 1456 colis
865 1402 945 1456 altos

188 1488 302 1544 Idaliae
321 1488 408 1545 lucca
427 1496 460 1544 et
477 1507 602 1545 nemora
620 1491 793 1558 umbrifera,

152 1579 194 1631 Et
212 1576 312 1632 fumos
331 1577 392 1632 late
412 1578 600 1634 exundantes
618 1579 713 1646 hauri,
734 1587 765 1634 et
785 1597 901 1635 amaras

188 1667 263 1723 Cum
281 1667 397 1738 gemitu
416 1667 499 1723 fusas
518 1674 550 1723 ot
568 1668 708 1738 precibus
730 1671 889 1740 lacrymas.

154 1756 203 1810 En
221 1755 365 1810 miserum
383 1762 493 1827 vatem,
513 1755 634 1827 Paphia,
654 1763 685 1812 et
705 1764 895 1813 contractum
915 1766 946 1813 et
969 1759 1112 1815 adustum

190 1847 271 1900 Ecce
290 1844 373 1900 faces
395 1862 484 1917 aegro
505 1845 536 1898 in
555 1851 686 1916 pectore,
708 1853 738 1901 et
758 1864 827 1902 ecco
847 1847 946 1917 nives;

154 1933 281 1988 Viscera
300 1932 464 1988 candentes
482 1940 578 1988 urunt
596 1933 720 1989 incensa
737 1934 861 1990 favillae

187 2023 228 2077 Et
247 2039 299 2076 cor
316 2021 471 2092 Riphaeae
491 2021 694 2095 praecipitant
712 2024 834 2095 glacies.

152 2110 213 2166 Cur
231 2109 338 2176 saevis,
358 2110 442 2166 Dea?
461 2111 523 2166 Cur
542 2111 654 2168 crebris
672 2112 834 2167 hastilibus
854 2129 958 2168 amens

187 2199 299 2270 Piger?
319 2204 349 2254 et
368 2199 489 2271 injectis
508 2199 638 2255 emorior
657 2200 801 2256 sudibus?

149 2289 245 2344 Parce
264 2307 346 2359 arcu,
365 2307 456 2360 parce
476 2295 507 2344 et
526 2289 650 2361 calamo,
669 2307 791 2345 saevam
808 2290 898 2362 inijce
918 2291 1018 2346 tedam

185 2378 254 2431 Non
272 2377 328 2433 tibi
347 2379 488 2434 cedentes
508 2378 589 2433 inter
607 2378 795 2450 Apollonios.

150 2466 218 2521 Non
236 2465 319 2522 rudis
338 2466 490 2538 ingredior
508 2473 563 2522 tua
583 2474 690 2533 castra,
710 2474 836 2524 cruenta
854 2475 979 2525 secutus

186 2556 280 2628 Bella,
300 2555 374 2610 mihi
393 2555 504 2611 indixit
522 2575 599 2626 quae
618 2557 771 2613 violentus
789 2560 893 2613 Amor.

150 2646 198 2702 Ad
216 2653 245 2702 te
266 2645 407 2718 confugio
427 2647 556 2718 supplex
575 2653 607 2702 et
625 2648 746 2702 Numen
764 2649 855 2702 adoro

186 2739 343 2793 Sanctum:
363 2737 401 2791 da
419 2736 542 2792 tandem
561 2736 764 2808 promeruisse
783 2738 897 2793 rudem.

151 2826 197 2882 Sit
220 2826 294 2882 satis
312 2826 344 2881 in
364 2832 486 2881 teneros
505 2824 637 2881 saevisse
657 2826 832 2882 immaniter
852 2832 944 2892 artus,

185 2917 345 2988 Aegraque
363 2914 468 2972 servili
487 2915 566 2970 colla
584 2915 700 2971 dedisse
716 2916 799 2988 jugo.

150 3005 245 3060 Parce
263 3003 340 3073 viro,
359 3022 448 3075 parce
467 3003 636 3060 insanium
655 3005 851 3061 volventibus
870 3004 970 3060 annis:

186 3093 298 3149 Tabuit
316 3093 347 3148 in
366 3111 476 3149 vernos
494 3098 599 3148 nostra
615 3094 746 3164 juventa
764 3094 846 3149 dies:

148 3183 189 3237 Et
208 3183 313 3237 tamen
328 3181 444 3254 argutis
463 3182 568 3237 exurit
587 3183 705 3239 Chloris
725 3183 831 3238 ocellis

184 3273 272 3327 Nunc
291 3272 333 3326 mi
351 3272 483 3327 animam
503 3279 533 3328 et
551 3268 660 3344 pectus
679 3272 780 3328 debile
800 3278 830 3328 et
849 3271 1014 3344 ingenium.

149 3365 197 3418 En
216 3361 330 3417 dudum
348 3361 457 3433 vigiles
477 3380 567 3433 cogor
586 3363 744 3417 traducere
766 3367 881 3431 noctes

185 3453 225 3506 Et
241 3450 343 3521 jacere
363 3451 400 3505 ad
420 3450 525 3507 surdas
545 3467 651 3521 aspera
669 3451 764 3506 verba
781 3448 873 3504 fores,

91 3574 93 3577 -
148 3539 260 3606 Chlori,
275 3539 359 3610 jaces
378 3538 465 3593 molli
484 3545 617 3595 stertens
636 3538 740 3593 innixa
760 3538 861 3606 cubili,

184 3628 328 3700 Etducis
347 3629 453 3700 longas
472 3629 590 3684 somnia
608 3646 662 3699 per
680 3627 849 3683 tenebrasz.
895 3675 897 3682 .
