2550 4176
273 414 354 468 Dum
373 409 458 482 lieet,
477 409 553 465 laeti
571 409 662 464 simul
681 409 724 465 ite
743 416 888 479 amantes,

309 503 389 557 Dum
407 499 488 564 lieet,
509 499 618 554 melles
637 499 752 569 pariter
769 499 892 570 puellae

308 590 355 644 Ite
374 587 525 643 flaventes
542 587 628 643 vario
648 573 776 658 dapiiios

626 678 747 734 Nectite
762 685 854 733 serto,

274 770 361 823 Nune
380 768 471 823 simul
491 768 562 824 telis
580 768 688 838 positis
708 785 826 822 amores

307 857 414 911 Matris
432 856 595 912 haerentes
614 857 704 913 lateri
722 862 755 911 et
773 857 916 911 decentes

201 956 208 967 ⁸
308 949 431 1004 Gratiae
449 949 554 1018 plenos
573 948 713 1003 referunt
731 947 849 1003 resecto

627 1037 716 1091 Flore
736 1036 891 1109 quasillos.

277 1127 336 1180 Per
353 1124 435 1181 feros
452 1125 558 1190 saitae,
579 1144 633 1196 per
651 1125 755 1197 iniqua
773 1127 871 1181 lustra

312 1213 454 1285 Undique
474 1215 611 1268 occultas
630 1213 749 1284 agitans
768 1213 899 1267 latebras

225 1303 227 1306 ⁴
310 1303 422 1357 Fertur
440 1307 472 1357 et
490 1302 593 1374 sylvas
613 1302 696 1358 varia
714 1303 849 1357 ferarum

627 1393 731 1463 Strage
751 1396 900 1456 cruentat,

276 1481 364 1536 Clara
383 1482 519 1536 Latonae
539 1480 672 1550 soboles3
692 1479 802 1535 nitenti

310 1570 392 1626 Huie
412 1589 515 1625 comae
536 1571 568 1625 in
587 1571 700 1625 nodum
720 1569 889 1641 religantur
908 1589 992 1640 aure,

310 1659 427 1714 Pendet
446 1665 551 1713 aurata
569 1676 607 1713 ex
624 1657 760 1712 humeris
780 1658 931 1730 pharetra,

629 1748 747 1803 Pendet
766 1754 797 1803 et
815 1766 911 1802 arcus.

278 1839 399 1894 Circum
419 1844 494 1893 eunt
512 1838 662 1910 nymphae
681 1839 779 1903 simul,
799 1837 854 1892 illa
873 1857 964 1893 eursu

312 1924 433 1981 Gaudet
452 1924 562 1980 effusos
583 1924 697 1996 agitare
717 1941 832 1990 eerV0S,

312 2014 399 2068 Hane
415 2013 505 2085 juvat
524 2013 617 2069 certis
631 2013 744 2083 jaculis
760 2012 886 2085 fugaces

631 2102 740 2173 Figere
759 2104 872 2175 lyncas.

280 2191 369 2246 Nune
387 2191 424 2246 ab
445 2192 585 2247 umbroso
603 2192 695 2248 simul
714 2193 851 2248 esculeto

317 2280 442 2336 Daulias
460 2282 694 2354 latequeritur:
714 2283 853 2354 querelas

317 2369 490 2424 Consonum
509 2369 589 2426 cirea
607 2388 715 2426 nemus
735 2377 766 2426 et
782 2370 889 2442 jocosa

630 2459 744 2514 Reddit
761 2459 867 2530 imago.
