2550 4176
613 464 658 514 11.

464 558 808 679 LAORYMAE

486 734 677 788 (Farraginem,
694 734 749 779 Lib.
765 736 793 787 1.)

279 897 358 965 Ergo
378 900 442 948 tam
460 911 595 965 propere,
615 911 686 964 ergo
705 899 770 948 tam
788 901 913 965 repente

277 986 403 1039 Aestate
423 983 455 1037 in
475 983 573 1038 media
590 989 661 1038 tuae
678 982 835 1053 juventae,

277 1076 358 1128 Dum
376 1072 496 1127 fructus
514 1071 596 1126 uteri
613 1071 732 1146 feracis,
752 1078 783 1127 et
802 1073 874 1127 dum

279 1163 389 1217 Partus
408 1161 514 1216 munia
532 1162 613 1216 laeta
632 1161 859 1232 praestolamur,

278 1250 361 1320 Abis,
380 1250 491 1306 Delia?
510 1250 638 1316 Phoebe,
659 1248 742 1305 abis?
761 1250 939 1322 relinquens

275 1340 392 1410 Turpes
411 1340 443 1393 in
461 1340 613 1411 lacrymas
633 1345 664 1393 et
682 1341 788 1394 urbem
808 1349 840 1395 et
858 1340 984 1395 orbem?

276 1429 336 1485 Illa
353 1447 425 1501 ergo
444 1429 538 1484 rutila
557 1435 647 1499 astra,
665 1429 776 1500 sydera
797 1447 867 1500 ergo

278 1520 336 1575 Illa
354 1538 499 1592 gemmea,
518 1538 596 1590 quae
615 1519 767 1575 nitentem
785 1527 818 1575 et
837 1519 906 1574 urbi

278 1609 379 1681 Atque
399 1609 464 1663 orbi
484 1609 657 1678 explicuere
678 1609 789 1679 ubique
809 1609 904 1664 solem

278 1700 319 1754 Et
337 1697 417 1753 diem
436 1697 529 1753 radiis
547 1699 647 1753 tulere
667 1697 759 1769 puris,

279 1788 347 1843 Nox
366 1793 433 1843 atra
451 1794 580 1859 occupat
597 1793 629 1842 et
647 1787 767 1844 voracis
786 1788 856 1844 Orci
948 1830 950 1836 .

280 1876 433 1931 Lethaeus
451 1894 541 1947 sopor
560 1882 591 1931 et
610 1877 753 1931 tenebrae
773 1876 906 1931 inertes?

279 1967 374 2032 Eheu,
394 1966 585 2036 Persephone
605 1965 706 2035 impia,
725 1965 818 2036 impia
836 1965 913 2020 eheu

281 2057 418 2125 Quivisti
436 2077 529 2113 aurea
546 2059 626 2125 licia,
645 2076 771 2114 aureum
790 2057 866 2112 illud

281 2146 389 2202 Vellus
408 2146 599 2203 exsoluisse?
618 2147 715 2212 Flete,
736 2147 870 2210 Amores

283 2238 368 2303 Quot
387 2243 461 2308 quot
481 2237 554 2293 estis
573 2254 688 2292 amare:
709 2235 811 2292 adeste
831 2234 927 2306 passis

282 2326 421 2383 Crinibus
441 2326 632 2399 Paphiaeque
652 2325 855 2396 Gratiaeque:

282 2414 408 2469 Plorent
427 2413 603 2480 Munditiae‚
622 2420 725 2486 gemat
743 2415 895 2469 Venustus

282 2506 408 2561 Exculti
426 2505 517 2562 decus
536 2505 596 2561 oris
614 2505 777 2577 ingenique

215 2595 218 2601 '
284 2594 360 2649 Rari
378 2594 502 2650 delicias
520 2601 553 2651 et
572 2595 744 2666 elegantem

283 2683 480 2753 Majestatem
499 2684 592 2739 animi
611 2683 780 2740 serenioris.

284 2772 333 2827 Ah
352 2772 502 2828 desideria
520 2772 616 2839 irrita,
637 2773 675 2827 ah
693 2773 818 2844 fugaces

283 2863 358 2933 Spes
378 2862 569 2933 mortalium;
588 2863 681 2919 ocelli
699 2863 752 2918 ubi
770 2862 825 2930 illi,
844 2864 938 2918 Amor
957 2859 1046 2932 queis

288 2953 421 3023 Sagittae
436 2953 538 3023 jacere
558 2953 709 3025 improbas
729 2954 869 3010 solebat?

287 3041 383 3108 Queis
402 3043 503 3099 ridens
522 3043 589 3099 face
610 3044 780 3100 verticorde
800 3043 887 3099 edaci

284 3130 402 3186 Urebat
420 3131 600 3187 miserorum
618 3132 730 3205 ubique
749 3132 858 3188 corda?

286 3218 347 3273 Hic
366 3219 497 3287 bustum,
517 3220 567 3276 hic
586 3221 727 3294 lacrymis
746 3221 843 3292 rigate
862 3236 1002 3292 marmor,

288 3309 450 3363 Formosae
470 3310 620 3382 Dryades:
640 3310 741 3366 ferant
760 3312 899 3381 Napaeae

289 3397 416 3453 Costum
435 3405 468 3454 et
487 3399 635 3456 balsama:
655 3407 765 3456 vernet
781 3399 832 3455 hic
851 3397 971 3455 atinde

286 3485 365 3542 Aiax
382 3493 415 3541 et
436 3505 504 3544 rosa
521 3489 654 3561 regiique
674 3488 765 3544 flores

286 3575 374 3631 Veris
392 3577 531 3648 perpetui
548 3596 680 3649 perenne
699 3596 818 3634 munus

286 3665 367 3719 Proh
386 3666 496 3722 Parcas
515 3666 643 3723 nimium
661 3667 855 3726 licentiosas!
