2550 4176
151 414 271 470 Candor
289 421 356 469 erat
374 414 457 470 dulci
477 415 611 472 suffusus
629 415 786 487 sanguine,
807 416 929 489 qualem

183 501 263 559 Alba
281 502 386 558 ferunt
404 503 503 559 rubris
521 504 588 559 lilia
607 504 703 560 mixta
721 505 805 560 rosis.

149 591 194 648 Ut
212 589 343 646 nitidum
362 591 437 647 laeti
456 593 615 648 radiabant
634 593 718 650 sidus
738 592 836 659 ocelli,

184 679 269 750 Saepe
288 682 384 735 Amor
402 699 546 738 accensas
565 682 688 738 rettulit
706 681 775 738 inde
795 682 888 739 faces.

149 767 290 823 Solverat
308 768 422 825 effusos
442 771 561 839 quoties
582 771 646 826 sine
667 772 732 841 lege
754 757 889 842 capillos,

185 857 304 914 Infesta
323 865 370 914 est
388 860 515 932 trepidis
534 861 601 916 visa
620 859 717 915 Diana
735 860 822 930 feris;

150 943 220 999 Sive
240 944 354 1000 iterum
373 947 519 1002 adductos
538 947 660 1003 fulvum
679 947 804 1019 collegit
821 945 854 1002 in
872 965 989 1015 aurum,

185 1033 312 1105 compta
332 1035 507 1107 cytheriaco
526 1043 574 1092 est
592 1036 714 1108 pectine
734 1036 800 1091 visa
818 1037 930 1092 Venus.

150 1123 255 1195 Usque
274 1123 360 1179 illam
372 1126 459 1196 parvi
477 1126 586 1182 furtim
604 1143 786 1197 componere
805 1126 933 1182 Amores

130 1244 136 1253 ·
185 1213 263 1268 Sunt
281 1214 374 1281 soliti,
389 1221 420 1270 et
439 1215 525 1270 facili
543 1215 651 1271 Gratia
669 1216 780 1271 blanda
799 1232 899 1281 manu,

151 1302 251 1373 Atque
271 1302 368 1357 honor
388 1310 419 1358 et
436 1305 532 1360 teneri
548 1306 612 1377 jam
624 1323 700 1359 cana
718 1301 866 1358 modestia
884 1305 998 1370 vultus,

187 1391 227 1445 Et
245 1391 346 1460 decor,
365 1397 398 1447 et
416 1393 559 1463 probitas
572 1409 801 1465 purpureusque
819 1391 924 1462 pudor,

149 1477 238 1532 Casta
258 1478 341 1544 fidae,
361 1479 502 1552 risusque
521 1481 634 1546 hilaris,
655 1497 814 1550 moresque
833 1479 944 1549 pudici,

184 1567 388 1637 Incessusque
408 1568 530 1639 decens5
551 1571 692 1642 nudaque
713 1568 901 1638 simplicitas.

150 1655 231 1720 Quae
252 1664 363 1713 cuncta
382 1658 414 1712 in
434 1659 552 1715 cineres
571 1658 629 1714 fati
648 1658 751 1730 gravis
770 1658 878 1712 intulit
896 1657 979 1724 hora,

183 1745 266 1800 Mors
286 1752 400 1801 cuncta
417 1746 530 1802 immiti
549 1746 661 1817 carpsit
680 1746 789 1801 acerba
807 1764 909 1801 manu.

151 1832 429 1902 Occidis,'Albiera,
450 1835 546 1906 prima
564 1836 708 1891 fraudata
723 1835 860 1906 juventa,

132 1925 139 1934 '
182 1921 330 1995 Exigeres
349 1924 430 1980 vitae
450 1943 520 1980 cum
538 1926 599 1980 tria
616 1926 719 1980 luxtra
738 1930 824 1994 tuae;

151 2011 270 2068 Occidis
289 2015 447 2069 amborum
467 2021 608 2085 correpta
626 2021 697 2069 ante
712 2031 766 2068 ora
784 2019 958 2084 parentum;

182 2099 304 2155 Occidis
323 2107 394 2155 ante
413 2101 461 2156 tui
478 2101 597 2157 lumina
617 2107 734 2156 moesta
752 2099 818 2158 viri.

149 2187 196 2240 Ah
215 2188 316 2243 dolor!
335 2188 346 2242 i
365 2208 457 2260 nunc,
481 2197 513 2246 et
534 2190 625 2245 rebus
644 2190 759 2245 confide
779 2188 929 2253 secundis,

183 2277 267 2343 Quas
286 2279 425 2334 Fortuna
443 2280 505 2336 levi
526 2281 649 2353 fertque
669 2279 822 2348 refertque
842 2295 944 2332 manu.

149 2364 235 2420 Tolle
254 2366 399 2441 animum,
418 2375 451 2423 et
474 2369 558 2427 victo
580 2368 688 2423 molire
708 2385 747 2422 ex
766 2367 853 2421 hoste
873 2364 1060 2435 triumphos;

182 2455 384 2526 Laurigerum
403 2459 496 2513 morti
517 2457 679 2530 subjiciere
700 2463 799 2528 caput.

148 2542 237 2614 Erige
257 2545 409 2602 taenareis
428 2547 579 2603 radiantia
596 2554 680 2604 tecta
700 2545 863 2615 columnis;

180 2632 276 2687 Parca
295 2639 397 2690 tamen
416 2635 519 2707 rapida
537 2642 569 2691 te
588 2638 690 2692 trahet
708 2635 779 2690 inde
799 2651 901 2688 manu.

146 2720 280 2790 Ingenio,
300 2723 423 2791 formae,
443 2724 561 2780 validae
581 2726 697 2781 confide
712 2725 874 2796 juventae;

181 2811 306 2867 Albiera
325 2832 396 2870 ecce
414 2815 500 2887 gravi
519 2821 615 2870 morte
636 2816 737 2870 soluta
746 2813 838 2884 jacet.

148 2900 193 2954 Tu
211 2902 286 2957 mihi
304 2922 386 2960 nunc
405 2906 485 2962 tanti
496 2906 591 2961 fuerit
610 2923 688 2978 quae
708 2924 798 2960 causa
817 2903 938 2968 doloris

180 2992 324 3047 Attonito
346 2993 418 3064 vati,
439 3001 553 3050 moesta
572 2994 685 3061 Thalia,
705 2994 791 3048 refer.

146 3080 256 3137 Annua
274 3084 374 3154 pelliti
392 3085 577 3141 referentem
596 3103 682 3140 sacra
700 3084 827 3139 Joannis

181 3171 344 3229 Extulerat
363 3193 449 3231 roseo
469 3175 619 3246 Cynthius
639 3192 690 3230 ore
708 3174 797 3240 diem,

151 3258 225 3315 (ium
245 3263 381 3319 celebres
400 3264 543 3337 linquens
563 3264 704 3320 Sirenum
723 3263 845 3318 nomine
865 3280 978 3323 muros,

110 3401 113 3406 .
179 3355 428 3425 Herculeumque
449 3361 556 3424 petens
576 3353 660 3424 regia
678 3360 751 3407 nata
770 3358 879 3418 torum,

148 3444 279 3499 Candida
297 3443 434 3514 syllanae
453 3442 583 3513 vestigia
601 3443 740 3513 protinus
759 3442 828 3497 urbi

180 3533 339 3600 Intulerat,
359 3533 466 3602 longae
487 3530 567 3586 fessa
585 3531 686 3586 labore
708 3532 785 3586 viae.
