2550 4176
320 420 326 435 r
368 384 493 455 Tuoque
512 382 593 450 fessa
612 379 801 453 conquiescit
820 380 851 435 in
870 381 947 448 sinu,

372 472 471 539 Quem
490 470 532 525 mi
551 469 677 542 peperit,
697 468 864 524 identidem
881 469 1003 524 luctum
1021 471 1159 528 hauriat:

367 560 535 615 identidem
554 559 608 614 illa
626 559 681 612 illa
698 557 828 625 hauriat,
848 575 903 613 seu
921 558 1025 614 lucido

365 649 465 703 Fovet
482 648 600 719 liquore
621 647 763 712 membra,
783 647 847 701 sive
868 646 1010 702 candidas

364 738 481 808 Manus,
500 743 533 793 et
551 753 659 792 aureas
677 724 769 791 simul
786 735 865 791 lavit
884 753 994 792 comas.

363 826 412 882 Sic
431 827 506 881 dura
525 825 626 881 forsan
646 824 766 880 molliet
784 825 962 896 praecordia

363 915 528 987 Roburque
548 914 670 970 tandem
688 913 821 986 pectoris
840 914 945 970 flectet
964 914 1022 972 eui.

362 1003 508 1058 Formosa
525 1002 630 1069 Erilla,
650 1020 773 1081 vosque,
793 1003 925 1059 muscosi
943 1022 1063 1075 specus,

365 1095 406 1147 Ec
425 1111 480 1148 vos
500 1092 690 1148 comantibus
709 1093 837 1148 decorae
856 1093 983 1148 ramulis

365 1182 471 1238 Valere
492 1181 578 1248 lauri,
598 1197 674 1252 quae
696 1180 772 1236 meis
790 1181 945 1236 laboribus

362 1272 456 1342 Saepe
476 1270 607 1327 affuistis
626 1276 658 1325 et
676 1271 787 1325 doloris
802 1271 942 1327 consciae

361 1362 512 1431 Impressa
530 1359 593 1415 levi
610 1360 697 1431 signa
715 1359 804 1414 fertis
824 1360 948 1415 corrice.

361 1449 479 1506 Vestris
497 1450 530 1504 iu
548 1447 670 1515 umbrie,
690 1455 791 1504 vestro
810 1449 842 1503 in
861 1451 1003 1520 amplexu
1022 1449 1116 1506 miser

359 1538 427 1593 Non
446 1538 577 1609 amplius
596 1555 679 1593 meos
698 1556 817 1594 amores
837 1539 1005 1610 concinam,

360 1627 424 1681 Nec
444 1626 634 1682 sibilanbium
652 1626 759 1682 licebit
777 1627 919 1682 arborum

360 1716 487 1787 Capbare
507 1715 603 1787 frigus
622 1717 653 1770 in
673 1716 775 1771 tenaci
793 1715 937 1788 gramine,

361 1806 513 1875 Gregesve
533 1806 644 1861 blanda
662 1805 799 1861 detinere
818 1807 932 1862 fistrrla.

359 1894 450 1948 Hunc
471 1911 526 1962 ego
545 1892 626 1948 diem
645 1893 783 1948 hauriam
802 1911 942 1965 supremo
962 1895 1091 1951 lumine:

358 1983 425 2036 Hoc
444 1982 586 2038 intuebor
604 1983 747 2038 ultimum
766 1984 839 2040 solis
857 1983 954 2040 iubar.

359 2070 427 2124 Jam
444 2070 506 2141 jam
526 2073 672 2126 emoritur
692 2073 811 2129 animus
830 2073 912 2144 mihi,
934 2079 965 2128 et
985 2075 1134 2146 pallentia

358 2159 430 2214 Jam
445 2160 509 2230 jam
528 2178 580 2215 ora
597 2161 679 2216 dirae
700 2162 799 2233 imago
819 2162 926 2218 mortis
947 2169 1086 2234 occupat.

358 2247 456 2312 Quare
476 2265 541 2304 meo
561 2249 672 2305 donate
690 2248 763 2319 fletu
783 2256 815 2305 ec
834 2251 1004 2324 lachrymis.

358 2338 442 2403 Vale,
463 2339 550 2394 beate
570 2339 649 2410 fons,
670 2340 766 2395 ocelle
785 2340 925 2396 fontium.
