2550 4176
609 415 671 467 III·

496 561 799 628 EPITAPHIUM

357 675 561 716 csnnnmunn
580 677 724 717 nunnnun
742 676 973 719 ennarrssrnun

486 799 703 855 (Ermaphroditi,
714 800 770 845 Lib.
785 800 812 853 ι.)

247 974 314 1028 Hoc
329 973 413 1044 jacet
432 973 581 1043 ingenuae
602 973 716 1028 formae
736 972 899 1029 catharina
917 972 1066 1044 sepulcro,

282 1063 378 1118 Grata
395 1062 456 1118 fuit
475 1063 581 1118 multis
600 1064 676 1118 scita
694 1061 798 1133 puella
816 1062 923 1133 procis.

247 1152 343 1206 Morte
365 1166 422 1206 sua
439 1150 548 1222 lugent
568 1157 684 1219 cantus,
703 1152 867 1222 lugentque
889 1150 1024 1216 choreae,

282 1241 353 1294 Flet
371 1241 476 1295 Venus
495 1245 527 1293 et
545 1246 661 1294 moesto
681 1256 803 1310 corpore
823 1245 940 1293 moeret
959 1256 1050 1293 amor.

618 1511 671 1563 IV.

66 1694 71 1699 ·
178 1659 242 1724 DE
261 1659 450 1724 VILLIOO
475 1659 656 1726 STULTO
679 1659 851 1725 ALDAM
874 1658 1111 1728 BASIANTE

484 1799 703 1854 (Ermaphroditi,
719 1799 775 1844 Lib.
790 1801 817 1852 1.)

212 1971 353 2027 Porticus
371 1971 528 2043 ingentem
545 1971 623 2028 faeie
644 1973 716 2027 dum
734 1973 867 2029 sustinet
885 1975 1001 2042 Aldam,

246 2055 376 2112 Villieus
395 2057 536 2111 incautae
554 2057 638 2112 basia
656 2064 742 2128 rapta
760 2058 850 2114 dedit.

210 2147 302 2201 Hunc
321 2146 432 2216 vulgus
450 2146 596 2201 stolidum
616 2146 712 2201 credit
731 2147 784 2202 sed
804 2146 931 2203 stultius
950 2149 1004 2203 illo
1025 2156 1072 2204 est

247 2234 373 2304 Vulgus,
392 2252 440 2289 me
460 2235 608 2289 misarum
626 2251 716 2304 quam
736 2236 823 2305 bene,
843 2238 948 2306 stulte,
968 2240 1062 2309 sapis!

212 2323 315 2388 Quum
333 2322 427 2377 liceat
445 2322 549 2378 stultis
568 2323 690 2393 impune
709 2324 817 2379 suavia
835 2326 984 2397 nymphae

247 2410 364 2481 Figere,
384 2410 435 2467 Dii
454 2411 601 2477 iacerent,
621 2412 736 2468 stultus
755 2419 790 2467 ut
810 2413 874 2483 ipse
898 2414 1009 2470 forem!

632 2687 669 2739 V.

321 2834 386 2898 AD
411 2833 608 2898 OOSMUM
631 2832 977 2900 FLORENTINUM

481 2972 697 3027 (Ermaphroditi,
709 2973 765 3018 Lib.
781 2971 817 3024 ιι.)

248 3144 362 3210 cosme,
382 3143 430 3200 vir
448 3144 587 3199 Etruriae
606 3143 689 3200 inter
708 3145 902 3201 celeberrime
923 3153 1028 3211 terras,

284 3232 316 3286 Si
333 3233 433 3299 sileas,
454 3232 558 3288 videor
577 3232 659 3288 velle
681 3231 783 3287 videre
804 3240 902 3288 tuum.

251 3321 359 3376 Malles
378 3319 560 3391 posthabitis
576 3321 638 3392 jam
653 3319 716 3391 jam
735 3320 851 3388 lusuve,
868 3321 1009 3393 joeoque,

287 3410 469 3466 clausissem
487 3410 561 3464 forti
579 3416 706 3465 strenua
724 3410 805 3464 bella
823 3409 907 3480 pede.

252 3501 297 3556 Ut
315 3505 351 3554 tu
370 3499 589 3570 magnanimus,
609 3499 653 3554 sia
674 3504 705 3553 et
722 3515 888 3568 permagna
907 3499 1045 3571 cupistis,

287 3588 348 3643 Hei
367 3587 448 3654 mihi,
468 3587 522 3680 sed
541 3593 644 3643 nostro
663 3593 798 3656 tempore
819 3587 930 3643 Caesar
950 3587 1052 3654 abest3
