2550 4176
979 300 1016 354 35

63 413 110 469 Me
130 410 290 467 miserum!
310 425 443 483 quonum
461 405 609 463 Dominae
628 404 739 460 fiducie
759 403 870 459 cessit?

92 501 172 568 Quid
190 499 320 572 queror?
340 505 371 554 et
390 514 468 554 veno
488 502 607 550 terreor
625 494 688 565 ipse
709 493 812 548 metu?

57 592 159 663 Parce,
179 605 293 660 precor,
312 604 380 642 meu
398 587 473 650 Lux,
493 583 518 638 si
537 582 610 655 quid
622 582 702 637 mele
721 582 826 653 lingue
844 583 948 638 locuto
966 589 1022 647 est,

93 678 201 736 Omnia
221 691 350 748 magnus
369 691 454 729 emor
472 679 541 728 tuta
559 671 667 726 timere
685 670 784 741 jubet.

62 768 109 823 Sic
128 767 202 822 deus
221 765 274 820 ille
296 763 372 817 mihi
390 761 550 817 stimulum
569 759 626 814 sub
644 766 765 830 pectore
787 759 862 821 fixit,

92 857 235 928 Raraque
255 871 324 908 cum
344 858 427 907 cesto
447 850 545 904 formu
563 849 677 920 pudore
697 849 791 905 venit.

59 944 116 999 Sed
135 949 190 997 tue.
207 941 383 1011 Penelopen
407 944 532 1009 superet
552 936 732 1002 constantia,
754 937 893 1007 quamvis

91 1032 151 1087 Ille
169 1030 210 1086 sit
228 1028 387 1098 Argolicae
406 1027 491 1081 seme
512 1025 687 1096 pudicitiae.

59 1121 111 1176 Ibo
130 1119 233 1191 igitur,
253 1134 311 1172 nec
332 1133 380 1169 me
402 1121 520 1170 certum
540 1113 674 1169 tardabit
693 1115 787 1170 eundi

93 1206 204 1263 Tristis
221 1205 334 1273 hiems;
358 1219 468 1275 segnes
487 1202 617 1273 impiger
635 1202 700 1258 odit
719 1204 821 1258 Amor.

61 1295 149 1351 Illius
167 1300 274 1349 tereos
295 1291 405 1364 pennis
424 1290 611 1346 trenebimus
629 1290 732 1360 Alpes,

94 1387 196 1456 Atque
216 1381 316 1437 ederit
333 1386 456 1435 nostrae
476 1379 537 1434 dux
558 1378 708 1450 Cytherea
728 1379 803 1434 viae.

60 1474 178 1529 'luscus
198 1478 231 1526 et
249 1471 435 1525 incolumem
453 1475 615 1540 postquem
633 1485 680 1522 me
701 1470 856 1540 acceperit
877 1471 984 1536 Arnus,

92 1565 133 1617 Et
152 1561 306 1616 dominam
327 1559 449 1615 dabitur
468 1575 557 1629 posse
575 1557 680 1613 videre
699 1577 806 1622 meam,

60 1652 145 1706 Tunc
166 1668 222 1722 ego
241 1650 364 1705 velatus
383 1655 483 1720 myrto
503 1646 653 1704 viridante
674 1647 808 1718 capillos

92 1740 269 1794 Persolvam
288 1737 407 1809 mugnis
425 1736 528 1790 debite
546 1743 619 1792 vota
639 1735 719 1792 Deio.

495 2006 557 2057 111.

132 2148 198 2216 AD
222 2149 460 2217 ANNULUM
487 2150 552 2216 AB
576 2151 729 2218 AMIOA
751 2153 918 2221 DATUM

395 2294 538 2346 (Eroticon,
555 2295 610 2341 Lib.
625 2297 663 2349 ιι.)

56 2451 188 2516 Annulo,
208 2451 296 2506 dulce
316 2451 390 2506 mihi
408 2452 540 2508 dilectae
570 2472 681 2510 munus
700 2455 822 2521 amicae,

27 2606 29 2610 Ι
92 2539 215 2595 Annulo
234 2539 360 2595 delicias
381 2539 463 2594 inter
480 2541 619 2596 habende
641 2560 734 2611 meas,

57 2629 105 2684 'Pu
123 2627 199 2682 licet
217 2627 350 2682 excellas
370 2646 444 2683 auro
471 2629 630 2700 pretiosus,
651 2638 682 2686 et
701 2638 770 2702 epte

92 2718 219 2772 Gemma
237 2716 277 2771 sit
296 2716 406 2771 artifici
425 2718 529 2772 clausa
549 2719 740 2790 magisterio,

54 2807 112 2861 Est
130 2804 253 2877 aliquid,
273 2804 348 2859 mihi
367 2823 426 2877 quo
453 2806 594 2862 meruisti
614 2808 731 2878 gratior
749 2827 822 2882 esse,

91 2894 216 2948 Scilicet
235 2894 268 2948 in
286 2894 378 2949 nivea
398 2901 428 2949 te
453 2895 528 2950 tulit
547 2895 601 2950 ille
619 2915 718 2952 manu.

54 2982 115 3037 Ille
133 2981 227 3037 etiem
245 2981 322 3036 dono
343 3000 412 3037 cum
431 2988 463 3037 te
486 2983 561 3038 mihi
579 2985 699 3041 tradere
719 2987 825 3059 vellet,

60 3141 63 3145 ι
93 3071 130 3124 In
148 3068 253 3141 primis
273 3070 392 3125 monuit
414 3089 506 3142 quam
524 3071 581 3126 sibi
601 3090 689 3129 cerus
711 3093 786 3130 eree.

55 3161 180 3215 Mecum
198 3158 292 3230 igitur
313 3176 433 3230 semper
454 3168 620 3233 noctesque
641 3163 765 3237 diesque
785 3169 928 3234 manebis,

91 3247 177 3302 Mille
197 3247 253 3301 tibi
272 3248 440 3318 amplexus,
466 3249 571 3304 oscula
592 3251 675 3306 mille
696 3253 801 3309 feram.

55 3337 153 3407 Inque
172 3333 242 3390 sinu
260 3352 386 3405 ponere,
412 3354 504 3391 manu
523 3337 596 3391 dum
615 3345 719 3394 nostre
737 3340 858 3397 lavetur

91 3422 200 3480 Invida
218 3441 257 3478 ne
277 3423 411 3480 nitidum
431 3431 463 3481 te
482 3426 556 3480 mihi
576 3428 676 3483 laedet
701 3448 787 3499 eque.

55 3511 104 3568 'l'u
122 3513 220 3578 modo,
241 3513 339 3576 laeve,
360 3531 433 3568 cave
457 3514 651 3570 commissum
670 3519 796 3587 perdere
816 3519 933 3591 pignus,

93 3601 125 3658 Si
143 3619 204 3675 que
221 3601 279 3656 hoc
297 3602 470 3658 mandentis
492 3603 591 3672 gretie
610 3606 710 3678 tangit
727 3606 802 3665 heri.
