2550 4176
114 371 176 429 His
190 374 335 432 distincta
353 376 396 445 pii
415 377 527 432 ludunt
544 395 599 448 per
616 377 753 448 gramina
771 395 882 443 manes,

152 467 220 521 Hos
240 466 346 522 foetus
366 486 461 522 verna
480 467 637 523 Chloridos
655 467 749 521 herba
766 467 857 538 parit.

115 555 234 612 Felicis
254 556 382 611 nimium
400 556 508 621 violae,
529 573 605 627 quas
624 555 770 626 carpserit
789 555 843 610 illa

152 646 296 711 Dextera,
315 663 391 717 quae
412 645 558 700 miserum
576 662 624 698 me
643 643 718 697 mihi
730 643 897 715 subripuit!

123 739 208 804 Quas
227 735 323 791 roseis
342 735 444 806 digitis
462 733 595 789 formoso
615 733 784 788 admoverit
803 733 848 787 ori

148 825 200 880 Illi
218 825 299 880 unde
319 823 352 877 in
370 841 418 878 me
438 823 559 893 spicula
581 827 706 893 torquet
726 823 827 877 Amor.

113 913 259 968 Forsitan
280 917 311 965 et
324 911 410 966 vobis
421 911 497 965 haec
517 910 602 964 illinc
621 911 720 981 gratia
738 896 830 968 venit,

152 1001 269 1055 Tantus
287 999 385 1053 honor
402 998 542 1053 dominae
561 999 656 1068 spirat
674 999 710 1052 ab
730 1016 781 1052 ore
801 998 900 1052 meae!

112 1089 226 1158 Aspice
244 1086 377 1142 lacteolo
398 1087 556 1142 blanditur
573 1091 610 1140 ut
631 1086 686 1140 illa
706 1086 816 1151 colore,

150 1177 259 1247 Aspice
279 1175 442 1246 purpureis
461 1181 497 1229 ut
516 1176 606 1230 rubet
624 1176 700 1230 haec
719 1175 818 1230 foliis:

111 1267 176 1321 Hic
196 1267 279 1320 color
298 1270 347 1320 est
366 1265 515 1330 dominae,
537 1282 624 1320 roseo
645 1283 714 1319 cum
727 1264 816 1319 dulce
836 1265 952 1335 pudore

150 1353 255 1425 Pingit
273 1355 419 1409 lacteolas
437 1372 571 1424 purpura
591 1360 678 1424 grata
695 1370 799 1423 genae.

112 1447 215 1512 Quam
233 1444 356 1499 dulcem
372 1444 474 1512 labris,
496 1461 588 1516 qnam
606 1446 669 1500 late
688 1443 783 1510 spirat
801 1443 938 1499 odorem!

150 1536 207 1604 En,
226 1533 335 1599 violae,
354 1533 386 1586 in
405 1532 491 1588 vobis
510 1533 563 1586 ille
583 1533 732 1588 remansit
752 1533 832 1588 odor.

111 1625 137 1680 Ο
158 1622 333 1677 fortunatae
353 1621 462 1687 violae,
477 1640 544 1676 mea
562 1622 635 1690 vita,
655 1640 818 1694 meumque

149 1711 311 1777 Delicium,
332 1728 349 1764 o
368 1710 462 1764 animi
480 1717 587 1781 portus
607 1717 638 1766 et
657 1728 731 1765 aura
749 1709 824 1766 mei!

112 1804 139 1857 A
162 1801 246 1855 vobis
265 1801 384 1864 saltem,
403 1799 515 1869 violae,
535 1806 624 1871 grata
643 1800 748 1855 oscula
761 1818 890 1870 carpam,

140 1891 211 1972 ‘Vos
230 1888 319 1944 avida
337 1894 461 1959 tangam
479 1895 586 1960 terque
606 1896 773 1962 quaterque
794 1908 894 1946 manu.

110 1978 177 2033 Vos
189 1975 333 2048 lacrymis
351 1975 469 2031 satiabo
489 1976 569 2045 meis,
590 1994 667 2048 quae
686 1984 803 2033 moesta
820 1997 875 2049 per
893 1998 945 2035 ora

148 2066 266 2137 Perque
285 2063 386 2118 sinum
403 2064 466 2119 vivi
483 2064 618 2121 fluminis
636 2065 733 2122 instar
751 2075 835 2124 eunt.

110 2156 281 2212 Combibite
300 2155 355 2208 has
374 2155 533 2227 lacrymas,
553 2173 630 2227 quae
648 2157 751 2213 lentae
770 2161 882 2229 pabula
899 2159 1036 2216 flammae

149 2248 264 2305 Saevus
284 2266 368 2303 amor
386 2246 501 2302 nostris
520 2246 661 2316 exprimit
679 2264 718 2300 ex
737 2248 845 2303 oculis.

110 2336 216 2393 Vivite
235 2343 425 2408 perpetuum,
445 2335 555 2401 violae,
573 2353 630 2390 nec
649 2336 764 2391 solibus
782 2344 885 2393 aestus

146 2425 210 2481 Nec
229 2441 285 2481 vos
304 2424 439 2481 mordaci
457 2425 571 2496 frigore
591 2431 696 2495 carpat
713 2425 817 2481 hiems.

109 2513 214 2571 Vivite
233 2521 416 2586 perpetuum
435 2513 538 2568 miseri
557 2515 693 2569 solamen
711 2515 831 2582 amoris,

147 2605 172 2660 O
191 2604 299 2669 violae,
319 2621 336 2657 o
355 2602 453 2658 nostri
470 2609 557 2674 grata
575 2603 662 2674 quies
681 2602 784 2659 animi.

110 2694 174 2748 Vos
193 2692 279 2748 eritis
297 2710 417 2747 meeum
436 2710 561 2763 semper,
582 2710 635 2747 vos
653 2709 773 2763 semper
792 2695 906 2761 amabo,

148 2783 325 2855 Torquebor
343 2783 471 2853 pulchra
488 2783 560 2838 dum
579 2783 671 2838 miser
690 2801 707 2837 a
726 2782 854 2850 domina,

109 2876 252 2945 Dumque
271 2872 456 2944 Cupidineae
474 2879 602 2944 carpent
620 2891 687 2926 mea
705 2879 829 2943 pectora
847 2872 995 2943 flammae,

146 2965 226 3019 Dum
245 2979 366 3018 mecum
384 2962 510 3017 stabunt
530 2968 561 3016 et
578 2961 731 3032 lacrymae
751 2967 783 3015 et
801 2961 943 3029 gemitus

152 3163 204 3205 Fra
218 3162 244 3204 le
259 3161 397 3216 parocchia
417 3162 565 3207 traduciani
579 3161 627 3206 che
642 3163 705 3207 ebbe
720 3163 891 3217 quest'elagia
910 3162 923 3205 ὸ
945 3164 1068 3207 notevolc

87 3227 178 3282 quella
192 3227 235 3271 del
250 3227 409 3272 Pirenzuola
424 3229 507 3283 (Eleg.
523 3231 567 3284 iv.)
