2550 4176
265 357 316 413 116

281 469 421 539 Dumque
443 467 640 538 repurgandis
658 467 763 524 nutrix
782 466 838 523 tibi
857 468 965 525 sedula
983 467 1128 526 membris

315 555 423 626 Instat,
443 564 538 628 agunt
556 557 687 612 famulae
707 557 817 612 blanda
835 557 957 612 lavacra
976 560 1069 612 Deae.

280 646 433 717 Saepeque
453 647 582 702 nudatos
600 645 732 718 genitrix
750 646 800 716 pia
818 645 946 717 suscipit
965 652 1058 716 artua

316 736 520 806 Formosoque
538 735 630 804 fovet,
651 753 710 804 quo
729 734 801 789 lieet
821 752 916 806 usque
937 734 1014 790 sinu.

280 823 432 895 Graiaque
452 843 533 879 nune
551 823 655 892 fronti,
674 841 756 879 nune
776 825 880 879 osenla
899 823 975 878 libat
994 823 1107 892 ocelliS,

314 913 459 984 Nuneque
477 913 553 985 joois
571 912 666 982 gestit
683 911 898 984 blanditiisque
919 910 982 966 tibi.

280 1000 402 1055 Interea
422 1001 644 1057 eireumsiliunt
663 1001 860 1070 Charitesque
879 1002 1043 1072 Venusque

315 1091 503 1162 Aemulaque
523 1091 657 1146 arridens
676 1090 760 1146 basia
778 1091 870 1145 donat
889 1092 991 1145 Amor.

279 1177 320 1230 Et
337 1193 430 1246 puero
450 1194 505 1232 sua
522 1177 585 1232 tela
603 1194 687 1247 puer,
707 1176 935 1247 pharetramque
954 1175 1108 1240 nitentem

314 1264 464 1318 Monstrat
484 1272 517 1320 et
537 1265 666 1319 adducta
685 1282 798 1319 cornua
813 1263 921 1334 juneta
939 1282 1039 1318 manu.

280 1354 423 1425 Quaeque
444 1354 490 1408 illi
510 1354 686 1426 improbitas
705 1355 826 1410 sinuato
846 1353 943 1408 saevit
962 1355 999 1408 ab
1018 1372 1101 1422 areu,

314 1442 463 1515 Irritaque
482 1450 518 1498 ut
535 1462 689 1515 nunquam
707 1443 817 1514 dirigat
835 1461 925 1509 arma,
945 1443 1046 1512 doeet;

280 1533 494 1602 Maternosque
513 1533 570 1588 tibi
587 1532 676 1588 flores
696 1538 726 1586 et
741 1532 881 1603 janthina
899 1538 981 1587 serta

312 1621 443 1690 Porrigit
462 1627 493 1675 et
510 1621 623 1692 Paphio
642 1621 709 1675 lilia
726 1628 799 1676 nata
817 1621 896 1690 solo;

278 1709 373 1781 Inque
393 1716 477 1765 tuam
495 1711 634 1781 queritur
652 1710 756 1781 lingua
774 1709 945 1780 trepidante
966 1716 1122 1780 parentem

314 1801 382 1854 Hoc
401 1805 502 1855 tamen
521 1799 552 1853 in
572 1799 667 1854 taeita
685 1798 812 1853 callidus
832 1815 903 1853 aure
924 1798 1027 1853 refert.

279 1888 402 1944 Seilieet
419 1895 455 1944 ut
473 1889 599 1956 facibus
619 1890 817 1960 pharetraque
839 1894 975 1944 exarmet
995 1894 1026 1942 et
1044 1906 1118 1943 areu

313 1979 465 2050 Saepeque
486 1978 654 2034 luctantem
674 1996 705 2034 se
725 1980 933 2049 Veneremque
954 1977 1067 2032 domet.

278 2067 347 2136 Hie,
364 2070 451 2124 velut
470 2086 522 2123 ora
540 2069 658 2136 dotent,
678 2076 815 2123 materna
832 2068 921 2122 laude
942 2066 1088 2137 superbiS,

312 2159 416 2228 Deque
436 2156 630 2228 triumphatis
648 2157 732 2213 frons
750 2155 807 2212 tibi
825 2158 905 2211 laeta
924 2154 1005 2211 Deis.

275 2247 343 2302 Non
362 2247 435 2303 satis
455 2247 571 2318 expleri
592 2255 719 2318 possunt
739 2254 792 2303 tua
810 2248 943 2303 membra
962 2247 1084 2316 tuende,

312 2337 405 2407 Saepe
424 2337 497 2393 lieet
516 2345 656 2409 repetant
675 2338 794 2410 agmina
813 2338 905 2393 densa
924 2337 1015 2406 soree,

274 2425 434 2495 Aureaque
455 2427 578 2482 attoniti
595 2426 728 2499 pendent
748 2426 901 2482 eunabula
920 2427 1041 2495 eireum,

308 2516 412 2587 thue
431 2518 560 2587 probent
578 2518 717 2583 multum,
737 2518 826 2588 plura
843 2514 997 2587 probanda
1015 2515 1132 2571 sinunt.

274 2604 374 2676 Atque
394 2603 503 2676 aliquis
522 2612 584 2673 tua,
604 2623 712 2676 magne
730 2623 814 2676 puer,
834 2606 905 2660 dum
924 2603 1057 2659 consulit
1077 2621 1138 2674 ora,

311 2693 467 2749 Praecinit
486 2694 523 2749 ad
542 2712 635 2750 cunas
655 2695 729 2750 talia
748 2696 840 2751 verba
858 2702 944 2750 tuas:

275 2783 390 2851 Cresco,
407 2801 495 2854 puer:
515 2789 545 2838 te
564 2783 629 2839 fata
647 2792 779 2853 manent,
798 2785 855 2840 tibi
876 2786 958 2840 laeta
974 2790 1123 2856 parantur

214 2892 215 2895 ¹
312 2873 443 2942 Imperia
461 2880 493 2929 et
512 2874 616 2946 generi
635 2875 757 2928 nomina
777 2893 884 2946 magna
902 2881 965 2931 tuo.

274 2963 317 3018 'Pe
336 2964 419 3034 duee,
439 2965 523 3037 larga
542 2964 639 3020 fluent
657 2965 796 3036 Hyblaeo
815 2964 940 3020 flumina
959 2966 1058 3034 melle,

309 3052 484 3125 Vitalesque
504 3054 588 3109 dabit
605 3054 759 3125 quaelibet
779 3055 867 3109 arbor
886 3073 965 3125 opes

273 3143 417 3213 Perpetui
434 3143 491 3198 tibi
510 3150 599 3199 erunt
617 3143 714 3212 flores,
734 3149 895 3214 totumque
915 3162 969 3216 per
988 3163 1102 3200 annum

308 3233 447 3288 Natalem
466 3233 600 3290 referent
619 3240 757 3305 tempora
774 3252 868 3288 verna
887 3240 982 3290 tuum.

273 3322 444 3394 Sponteque
466 3323 556 3377 odora
575 3323 623 3378 tui
641 3323 792 3378 sudabunt
810 3323 944 3379 balsama
963 3324 1069 3395 campi,

309 3415 418 3481 Qualia
436 3415 573 3471 Idumaei
591 3432 651 3470 non
669 3415 743 3471 tulit
762 3417 837 3471 uber
856 3416 929 3487 agri.

273 3503 458 3573 Arabiasque
477 3503 577 3559 ferent
595 3504 714 3559 inarata
730 3505 853 3561 novalia
871 3523 982 3562 messes
1021 3494 1023 3498 ⁸

307 3592 451 3666 Ditiaque
470 3593 551 3649 haud
569 3593 652 3650 ullus
670 3593 787 3650 dividet
805 3613 878 3651 arva
897 3595 984 3665 lapis.
