2550 4176
72 390 139 448 Non
158 389 217 448 erit
235 389 359 448 Oebalio
378 389 518 463 pretium,
539 410 600 448 non
618 409 691 448 usus
712 392 817 458 aheno,

106 481 235 553 Fulgida
253 487 413 552 pascentes
432 499 565 552 purpura
584 482 683 554 tinget
702 498 782 537 oves.

70 572 133 626 Nee
153 572 173 626 J
176 571 241 626 ovis
260 572 305 625 ira
324 571 419 637 cadet,
439 589 496 625 nee
515 577 697 641 tempestate
714 570 853 625 ferentur

104 660 178 716 Ulla
197 659 368 730 procellose
387 659 535 730 naufraga
553 661 622 714 vele
641 659 725 726 mari,

71 748 178 803 Nereis
196 747 288 819 inque
307 747 464 802 hominum
482 749 591 803 durata
611 749 761 803 caloribus
780 765 861 814 usus,

105 838 141 892 Se
162 836 226 903 tibi,
246 837 389 907 Neptuno
408 854 468 891 nen
487 837 676 907 prohibente,
696 836 789 892 dabit.

72 930 212 1000 Areaque
232 927 308 982 haud
327 928 427 995 maris,
447 928 528 984 haud
548 934 718 1000 exaequata
738 929 882 1001 cylindris

107 1017 240 1073 Cuilibet
259 1035 424 1089 aequoreas
443 1019 526 1088 larga
545 1018 689 1074 refundet
708 1037 786 1090 opes.

72 1106 226 1161 Plurimus
247 1114 372 1178 argento
392 1107 475 1162 rivus
495 1107 571 1162 fluet
592 1115 623 1162 et
640 1106 717 1163 fluet
735 1125 817 1180 aure,

106 1195 303 1266 Plurimaque
323 1195 355 1250 in
373 1196 485 1252 nostris
503 1214 621 1267 gemma
638 1196 749 1251 nitebit
767 1197 860 1268 aquis.

71 1287 137 1342 Non
156 1286 269 1356 galeae,
290 1303 351 1339 non
371 1285 450 1341 ensis
469 1292 568 1351 erunt,
589 1302 650 1339 non
668 1285 738 1356 pila,
759 1304 815 1340 nee
838 1302 933 1352 arcus,

106 1373 170 1427 Nee
190 1378 352 1444 tormenta,
371 1373 467 1443 patris
485 1374 549 1428 Pax
569 1380 654 1445 teget
673 1361 756 1427 anna
776 1373 846 1428 situ.

71 1463 140 1517 Non
158 1462 229 1516 lites
249 1461 364 1533 agitare
383 1462 456 1528 fore,
477 1479 539 1516 non
558 1463 636 1518 scita
655 1479 761 1534 rogere

106 1552 173 1605 Non
193 1551 251 1606 erit
270 1551 301 1605 in
322 1557 425 1622 captes
444 1551 545 1606 vinela
562 1570 668 1622 parare
686 1569 763 1606 reos.

68 1641 137 1694 Non
157 1640 217 1695 iter
235 1640 381 1711 impediet
400 1642 519 1712 praedo,
540 1659 596 1696 nee
616 1641 735 1696 furibus
755 1640 828 1696 ullis

107 1729 314 1785 Incustoditae
334 1730 537 1801 surripientur
556 1749 636 1802 opes.

70 1814 164 1869 Nulla
184 1814 298 1869 tributa
317 1814 371 1881 tui,
391 1833 448 1870 nee
467 1815 631 1886 vectigalia
649 1815 790 1886 pendent,

109 1903 207 1973 Seque
227 1910 262 1957 et⁴
277 1921 349 1974 opes
367 1903 449 1960 ultro
469 1911 543 1959 tune
563 1904 618 1958 tibi
637 1904 763 1976 quisque
784 1902 877 1958 dabit.

70 1992 112 2046 At
129 1999 217 2063 pater
236 1992 346 2048 effusas
365 2009 467 2047 rerum
486 1993 542 2048 tibi
559 1993 680 2063 linquet
697 1993 838 2060 habenas,

105 2083 146 2136 Et
163 2082 244 2137 sinet
261 2083 336 2137 haee
356 2082 428 2136 fatis
447 2100 568 2137 currere
587 2084 687 2138 saeele
705 2083 776 2138 tuis.

69 2170 288 2243 Ambrosiaque
307 2189 415 2241 parens
435 2177 519 2226 artus
539 2171 662 2242 perfusa
681 2171 823 2238 nitentes

106 2261 165 2315 'Pet
182 2261 261 2315 bona
278 2261 421 2332 gaudebit
439 2261 595 2333 sanguinis
615 2279 679 2317 esse
698 2261 754 2317 sui.

70 2348 159 2405 Felix
178 2356 274 2404 matre
294 2368 377 2421 puer,
397 2350 472 2406 felix
491 2357 577 2421 petre
598 2352 743 2405 etaltera
763 2356 794 2405 et
812 2351 891 2406 alter

105 2439 203 2499 Prole,
224 2439 312 2492 thoro
332 2439 418 2494 vobis
437 2447 520 2495 terra
537 2441 627 2494 beata
645 2440 752 2495 tribus,

71 2528 138 2583 Sint
156 2527 329 2593 iamdicta,
348 2545 464 2598 precor,
485 2547 594 2600 meque
613 2528 681 2584 illos
700 2535 803 2585 servet
821 2529 852 2584 in
872 2547 966 2585 annos

105 2616 254 2687 Cynthius
275 2624 304 2671 et
323 2623 436 2688 quanto
456 2617 497 2672 sit
516 2617 589 2671 satis
609 2635 659 2672 ore
682 2624 782 2673 canat.

89 2792 214 2836 Luerezia
224 2791 326 2845 Borgia
338 2791 403 2846 dopo
412 2805 475 2835 aver
486 2804 532 2844 per
544 2791 594 2836 due
604 2795 675 2837 velte
689 2805 745 2836 rese
756 2804 822 2836 vane
833 2793 859 2834 le
871 2805 994 2846 speranze
1007 2791 1031 2835 (11

49 2858 160 2903 Alfenso
174 2859 262 2902 d’aver
285 2860 317 2903 da
340 2861 378 2903 lei
398 2860 569 2912 discendenti,
593 2861 695 2917 parterl
716 2860 736 2902 il
760 2859 901 2911 ld'aprile
922 2859 973 2902 1508
996 2872 1032 2902 un

49 2925 176 2976 bambinq
192 2926 259 2969 aeui
269 2924 299 2969 fu
312 2927 423 2980 imposte
437 2927 459 2969 il
474 2940 549 2970 nome
564 2926 591 2970 di
604 2928 709 2970 Ernole.
722 2913 743 2968 l]
754 2938 801 2979 per
815 2926 876 2978 quel
890 2924 976 2968 fausto
991 2939 1033 2968 av·

49 2992 201 3035 venimento
211 2992 259 3036 ebe
270 2993 295 3035 lo
305 2994 406 3036 Strozzi
426 2993 499 3037 dette
509 2997 601 3046 questo
613 2993 777 3045 Genetliaeon,
788 2992 836 3034 ehe
848 2991 877 3034 fu
895 3005 948 3035 una
963 2990 1032 3034 delle

47 3059 143 3102 ultime
158 3071 215 3102 cose
230 3060 277 3102 ehe
292 3059 385 3102 serisso
401 3060 528 3103 l'infeliee
543 3067 627 3114 poeta,
644 3057 734 3113 poiche
749 3059 770 3101 il
792 3060 906 3112 pugnale
929 3059 1033 3102 assassi-

49 3139 83 3168 no
102 3127 129 3170 lo
143 3127 212 3179 eolpl
227 3126 254 3169 di
269 3128 289 3169 ll
307 3140 323 3170 a
343 3141 419 3170 meno
441 3128 467 3170 di
487 3125 1032 3172 ἀπωθεῖ-(111.Θκκαοκονιυοώυονοιία

49 3192 157 3247 Borpicu
169 3192 238 3236 trad.
255 3193 379 3244 Mariano,
397 3207 421 3248 p.
436 3194 483 3237 310.
