2550 4176
310 403 432 475 spirant
450 401 559 471 omnia,
581 419 641 473 qua
661 417 776 455 comam
794 396 935 466 reflectit,

308 492 475 563 Splendent
494 491 596 547 omnia
614 509 673 562 qua
686 488 818 546 reflectit
837 505 897 542 ora.

311 581 394 639 'Palis
413 600 472 654 qua
490 581 597 637 niveos
615 580 707 651 pedes
724 578 852 645 ferebas,

310 675 351 728 Et
370 689 429 744 qua
447 669 655 743 splendidulos
674 686 779 724 moves
798 667 920 733 ocellos,

309 763 350 816 Et
368 778 428 832 qua
446 778 500 830 per
519 777 650 816 vacuum
668 757 801 814 reflectis
821 775 881 822 cre,

310 849 448 922 Spirabas
467 849 593 921 Cyprios
612 855 741 920 tuosque
761 847 876 912 odores,

309 940 452 995 Stillabas
472 939 592 1012 Syrium
612 944 643 994 et
661 945 749 994 tuum
766 937 918 1009 liquorem

308 1029 472 1102 Omnisque
490 1027 678 1085 Ambrosiam
697 1027 831 1098 refragat
849 1043 930 1082 aura.

309 1120 416 1188 Qualis
433 1120 469 1174 de
483 1137 589 1175 croceo
609 1125 675 1175 toro
694 1134 855 1189 resurgens

310 1212 399 1266 Mane
418 1213 537 1266 Aurora
554 1209 656 1281 nigras
674 1207 797 1279 repellit
814 1208 946 1271 umbras,

311 1300 387 1355 (lum
405 1300 505 1354 lucem
524 1298 615 1354 simul
636 1305 667 1354 et
684 1297 763 1354 diem
782 1304 939 1368 reportans

313 1391 428 1445 Irrorat
447 1396 569 1445 teneros
588 1388 719 1460 benigna
735 1387 836 1454 flores,

315 1481 357 1534 Et
375 1479 491 1551 spargit
509 1478 610 1535 varios
628 1477 712 1532 humi
733 1479 856 1546 colores;

314 1568 428 1624 Rident
446 1575 539 1641 prata,
561 1574 733 1641 canuntque
753 1573 1003 1639 murmurantque

312 1661 351 1714 Et
370 1661 471 1716 fontes
491 1661 692 1732 volucresque
710 1658 892 1731 ramulique;

313 1749 395 1806 Talis
413 1749 450 1805 de
470 1750 604 1804 thalamo
623 1754 739 1816 vocata,
759 1748 878 1820 quando

310 1839 358 1894 Ad
376 1839 482 1894 molles
501 1838 625 1911 thyasos
644 1837 732 1893 venis
751 1836 893 1910 canisque

310 1928 404 1982 Pellis
424 1927 574 1993 tristitias,
595 1933 705 1992 metus,
725 1926 851 1994 dolores,

310 2017 410 2084 Risus,
430 2035 593 2084 murmura,
612 2016 750 2073 turbidos
768 2015 928 2083 tumultus

310 2109 447 2163 Irrorans
464 2107 573 2162 animis
592 2108 736 2179 quietem,
757 2123 882 2173 amores

312 2198 421 2270 Ludos,
442 2197 587 2266 laetitias,
604 2198 697 2270 jocos,
716 2198 842 2268 lepores,

311 2287 416 2354 Lusus,
437 2287 554 2358 gaudie,
577 2287 794 2358 candidamque
814 2303 917 2358 pacem

312 2379 353 2432 Et
371 2377 486 2449 spargis
505 2379 633 2435 veneres
652 2377 882 2450 cupidinesque:

312 2466 429 2522 Ridunt
448 2469 556 2535 omnia,
576 2475 609 2524 et
627 2486 728 2524 aerem
746 2486 877 2536 serenas,

312 2557 353 2611 Et
372 2557 424 2629 qui
442 2564 473 2613 te
493 2558 612 2614 iuvenis
630 2558 716 2624 vidit,
735 2576 897 2630 senexque,

312 2646 352 2701 Et
370 2667 447 2719 quae
466 2649 607 2716 faemina,
626 2667 682 2705 seu
700 2649 785 2705 videt
802 2650 913 2720 puella,

313 2737 457 2806 Optatum
473 2739 602 2810 cupiunt
620 2739 677 2795 tibi
694 2739 846 2806 maritum,

313 2829 431 2885 Felices
450 2830 507 2886 tibi
526 2830 651 2901 nuptias
668 2838 841 2903 precantur.

312 2919 404 2986 Tunc,
424 2927 460 2976 ut
478 2922 515 2976 de
535 2921 623 2978 tenui
641 2922 721 2977 solet
739 2920 846 2976 favilla

312 3008 457 3066 Crescens
476 3011 629 3082 igniculus
647 3011 750 3067 focum
768 3000 895 3082 repente

312 3099 456 3156 Flammis
476 3100 625 3172 corripere
647 3101 797 3174 aridisque
815 3100 909 3173 lignis

314 3189 534 3262 Quodcumque
554 3190 678 3265 adjicies
698 3192 761 3249 edit
779 3199 942 3264 voratque;

313 3278 360 3334 Sic
378 3297 425 3333 me
445 3280 482 3335 de
501 3278 589 3334 tenui
606 3279 683 3335 levis
701 3278 808 3333 favilla

313 3370 485 3440 Conceptus
505 3371 587 3425 calor
606 3374 638 3424 et
656 3367 751 3440 nigris
771 3367 885 3437 ocellis,

314 3459 397 3515 Imas
416 3458 562 3531 corripuit
580 3475 688 3513 vorans
706 3456 868 3523 medullas,

313 3548 431 3605 Urebat
449 3565 554 3603 roseus
571 3564 625 3617 per
643 3564 695 3600 ora
713 3546 820 3617 fulgor,

320 3639 437 3695 Urebat
455 3638 564 3695 niveus
583 3654 636 3707 per
655 3654 708 3692 ora
727 3636 846 3703 candor,
