2550 4176
277 383 340 436 Has
360 387 470 436 natura
490 379 547 435 tibi
565 381 648 436 dedit

312 473 416 541 Artes;
435 472 492 527 hoc
512 472 662 527 dederunt
680 471 730 526 Dii
749 469 884 526 studium
903 471 967 526 tibi.

276 564 349 618 'l'en'
369 563 451 618 dices
470 563 622 630 miserum,
642 564 736 634 rogo?

312 648 374 702 Nec
394 654 557 703 contentus
577 647 637 702 eris
655 653 738 702 sorte
758 653 813 702 tua
831 648 958 703 dolens?

277 738 357 792 Urbs
376 743 406 791 te
427 754 535 808 magna
554 736 722 803 Quiritium

314 825 425 881 Mirata
445 832 492 881 est
510 842 646 896 puerum,
666 823 788 896 publica
806 843 933 880 munera

279 917 475 971 Tractantem
494 915 637 986 graviter,
656 915 716 970 diu.

312 1005 371 1060 Vix
390 1023 472 1059 nunc
491 1012 600 1076 quarta
618 1004 675 1059 tibi
694 1002 815 1057 condita
834 1003 992 1075 olympias,

277 1095 394 1163 Regum
414 1093 550 1149 consiliis
569 1099 673 1147 tamen

314 1185 500 1239 Jamdudnm
519 1183 666 1253 gravibus
685 1181 825 1237 conscius
845 1182 967 1238 interes.

277 1275 388 1328 Omnes
408 1274 517 1328 Italiae
537 1274 666 1343 angulos
718 1325 720 1329 .

313 1361 428 1417 Fecisti
447 1362 563 1417 meritis
578 1361 641 1433 jam
660 1377 809 1416 memores
829 1359 883 1415 tui.

275 1453 389 1507 Omnes
406 1452 469 1522 jam
488 1451 544 1506 tibi
563 1450 664 1505 Gallia

312 1539 544 1609 Germanusque
564 1539 651 1593 ferox
669 1539 778 1594 funera
798 1537 843 1591 1111
865 1557 979 1609 pavens

275 1631 381 1695 Debet,
401 1631 492 1685 debet
512 1635 600 1683 atrox
619 1628 706 1693 Geta,

309 1721 430 1776 Debent
448 1719 706 1789 Sauromataeque
725 1722 758 1771 01
777 1716 888 1771 Μο11111
906 1718 1018 1787 ultimi,

275 1810 394 1864 Debent
412 1808 571 1864 instabiles
590 1806 729 1878 Scythae,

310 1900 351 1953 Et
369 1898 463 1953 tellus
481 1897 665 1967 ubicumque
688 1900 735 1950 est
753 1893 935 1951 habitabilis.

274 1988 332 2043 Sed
350 1987 395 2041 nil
415 1993 463 2042 est
481 2003 608 2059 quoque,
627 1985 654 2041 si
672 1984 759 2054 sapis,

309 2077 393 2141 Quod
412 2083 518 2132 nostra
535 2076 611 2130 haec
630 2074 728 2129 inhies
748 2092 845 2145 usqne
864 2075 939 2130 adeo
959 2074 1030 2131 otia.

274 2166 336 2237 Ipsi
355 2166 530 2238 quaerimus
551 2165 582 2220 in
601 2164 666 2220 dies

310 2255 464 2321 Doctrina,
483 2254 643 2326 studioque
663 2253 741 2308 hanc
761 2252 949 2324 sapientiam,

274 2346 373 2412 Quam
391 2363 448 2400 nec
467 2343 596 2401 forsitan
614 2343 736 2414 assequi

314 2437 467 2507 Umquam
486 2434 551 2490 fata
569 2435 695 2501 dabunt,
714 2438 768 2488 aut
787 2432 871 2487 labor
889 2432 1002 2489 irritus

274 2525 375 2596 Hujus
393 2532 429 2580 tu
448 2524 525 2579 nihil
544 2524 671 2595 indiges.

310 2615 384 2669 Fors
403 2620 506 2670 tecum
526 2631 601 2684 puer
619 2613 698 2666 hanc
718 2610 823 2666 matris
844 2613 880 2667 ab
899 2613 991 2667 ubere

274 2704 356 2757 Raro
374 2721 500 2758 munere
521 2702 670 2767 caelitum,

308 2794 502 2864 Externaque
523 2792 579 2847 tibi
598 2793 684 2847 nulla
703 2807 781 2863 opus
800 2797 849 2846 est
869 2808 935 2861 ope.

184 2968 253 3012 Gian
268 2971 367 3013 Matteo
382 2969 486 3013 Giberti
501 2970 536 3022 (n.
552 2971 610 3020 1495,
626 2985 661 3014 m.
673 2970 735 3023 1513)
745 2971 792 3014 che
805 2971 883 3013 tanta
893 2968 1055 3020 importunae
1066 2969 1129 3012 ebbe

140 3035 199 3077 alla
208 3039 282 3078 00110
297 3034 323 3100 di
334 3035 468 3078 Clemente
480 3037 538 3088 VlI,
549 3035 578 3078 111
588 3036 709 3079 munifico
720 3037 866 3089 protettore
878 3032 948 3086 degli
959 3032 1073 3074 01110110
1085 3031 1129 3076 dei

141 3101 273 3143 lotterati.
301 3102 322 3143 Ε
336 3103 398 3144 noto
413 3101 435 3144 11
448 3099 539 3144 favore
555 3102 580 3144 di
595 3104 637 3145 cui
651 3100 680 3144 10
696 3103 770 3154 largo
792 3101 819 3144 al
840 3099 927 3149 Berni,
950 3111 963 3140 0
986 3097 1128 3141 l'amioizia

142 3167 260 3210 cordiale
274 3167 340 3210 ondo
354 3166 382 3210 fu
396 3169 484 3220 legato
498 3181 513 3211 a
528 3168 646 3211 Vittoria
661 3168 784 3212 Colonna.
809 3167 835 3210 Il
851 3166 918 3209 Vide
932 3165 958 3208 lo
972 3164 1085 3208 conobbe
1100 3163 1128 3207 in

141 3235 225 3277 Roma
238 3235 294 3277 alla
308 3238 379 3277 corte
395 3233 421 3277 di
435 3235 526 3286 Leone,
544 3243 562 3278 0·
572 3236 597 3277 10
613 3235 676 3278 ebbe
690 3236 902 3278 costantemente
916 3231 959 3274 fra
974 3231 983 3273 i
1005 3230 1062 3274 suoi
1083 3229 1129 3284 plu

144 3301 236 3345 diletti
250 3300 338 3344 amici.
