2550 4176
130 401 213 472 Ipsa
231 397 289 453 tibi
310 397 410 453 dicat:
428 414 496 451 mea
513 395 576 462 lux,
590 413 658 451 mea
676 394 749 463 vita,
768 413 854 451 meus
867 393 929 466 flos,

172 488 383 559 Liliolumque
404 503 513 550 meum,
533 483 747 557 basiolumque
767 502 881 553 meum3

133 577 267 634 Charior
286 584 318 633 et
335 575 471 648 gemmis,
492 582 523 630 et
543 575 633 629 charo
654 574 774 630 charius
793 593 879 643 auro,

175 668 224 722 Tu
242 686 317 735 rosa,
337 673 373 722 tu
391 666 502 735 violae,
522 671 557 719 tu
576 663 651 718 mihi
669 664 765 720 laevis
784 665 870 733 onix;

133 757 277 816 Deliciae
299 758 460 829 cultusque
481 775 575 823 meus,
595 774 663 811 mea
681 756 792 828 gaudia
810 757 903 821 solue,

175 849 295 921 Corque
314 865 416 903 meum
435 854 467 903 et
485 866 556 919 prae
577 855 607 903 te
628 846 673 902 nil
692 847 779 901 iuvat
798 862 863 901 esse
882 862 1009 900 mecum.

135 941 181 995 Et
202 937 370 1010 quingenta
388 937 480 993 simul
500 938 601 1008 capiat
620 944 686 992 tum
705 936 788 991 basia
801 933 921 1005 raptim,

176 1031 219 1084 Et
237 1028 303 1083 sine
322 1036 424 1084 mente
443 1030 547 1084 oculos
567 1028 678 1083 volvat
695 1033 825 1099 agatque
838 1040 920 1080 suos.

142 1120 191 1174 Ac
210 1116 347 1188 linguam
366 1120 495 1190 querulo
515 1136 583 1173 cum
601 1117 718 1173 fuxerit
738 1136 788 1173 ore
809 1120 999 1180 trementem,

176 1207 333 1263 Exanimis
353 1207 432 1263 collo
451 1208 582 1279 pendeat
599 1207 665 1278 ipsa
683 1214 748 1262 tuo.

136 1298 228 1354 'Iunc
246 1297 342 1353 dices:
362 1315 446 1352 amor
464 1303 511 1354 est
529 1316 621 1353 succo
640 1296 799 1353 iucundior
818 1295 909 1362 omni,

177 1387 306 1443 Dulcior
324 1395 356 1443 et
375 1387 467 1441 melle
487 1395 545 1454 est,
565 1388 688 1443 suavior
706 1387 865 1443 Ambrosia
884 1392 940 1455 est,

141 1481 209 1534 Nec
228 1479 285 1534 tibi
303 1478 486 1550 quingentas
504 1477 599 1539 fuerit
618 1485 666 1535 sat
683 1496 799 1534 amasse
818 1479 945 1549 puellas,

175 1566 227 1623 Nil
245 1586 392 1624 numerus
410 1573 493 1624 certe
512 1566 556 1621 nil
574 1567 606 1622 in
625 1585 724 1624 amore
745 1567 839 1623 valet.

598 1801 634 1853 V.

137 1951 353 2018 narseus
376 1948 644 2017 rauracus
666 1948 733 2013 nn
757 1892 1080 2013 vonnrrnrsrr

485 2093 627 2148 (Amorum,
643 2090 700 2136 Lib.
715 2088 752 2141 11.)

139 2258 256 2311 Bruma
274 2252 362 2324 riget,
383 2252 527 2324 caurique
544 2252 689 2321 fremunt,
710 2261 772 2311 stat
790 2254 911 2311 densior
929 2269 988 2319 aer,

177 2344 323 2417 Juppiter
343 2348 374 2397 et
391 2342 506 2414 gelidas
526 2341 624 2400 fundit
642 2346 679 2400 ab
699 2364 754 2400 axe
775 2345 869 2402 nives.

138 2435 257 2492 Pocula
275 2450 366 2498 nunc,
386 2433 533 2504 lususque
552 2433 674 2501 decunt,
694 2435 882 2508 pinguesque
901 2436 1054 2501 lucernae,

175 2525 270 2582 Arida
288 2540 351 2589 vos,
372 2522 467 2593 pueri,
486 2523 607 2579 subdite
627 2525 711 2596 ligna
728 2525 805 2581 foco.

138 2617 215 2688 Igne
233 2614 320 2669 ferox
338 2612 455 2668 lenitur
472 2612 587 2684 hyems,
606 2614 659 2668 nbi
678 2615 783 2669 mollia
802 2614 917 2671 circum

70 2737 82 2746 -
177 2703 296 2774 Lesbia,
315 2708 347 2757 et
366 2721 517 2759 annosum
535 2712 656 2777 spumat
675 2708 705 2762 in
726 2708 797 2763 orbe
816 2726 945 2764 merum.

142 2795 225 2853 Vino
243 2795 402 2868 pelluntur
421 2794 525 2852 tristes
544 2796 581 2851 de
600 2803 723 2867 pectore
744 2816 843 2864 curae,

176 2884 236 2939 Hic
254 2882 357 2956 liquor
376 2883 496 2956 ingrato
518 2886 608 2940 corda
625 2887 728 2942 dolore
749 2889 839 2943 levat.

141 2977 201 3033 Hic
220 2980 304 3032 Deus
322 2974 442 3031 afflictis
460 2976 606 3050 requiem,
626 2995 767 3050 spemque
788 2976 871 3032 addit
891 2977 1001 3047 egenis,

177 3067 201 3131 I,
220 3082 303 3137 puer,
323 3072 355 3121 et
382 3067 466 3136 larga
484 3084 589 3138 prome
608 3068 739 3122 Falerna
757 3086 856 3123 manu.

62 3149 64 3154 ’
143 3157 192 3211 Me
208 3156 297 3227 juvat
315 3153 397 3210 inter
415 3154 488 3211 vina
510 3157 603 3222 [fovet
621 3175 693 3211 nam
710 3157 848 3212 Bacchus
866 3159 1011 3229 amorem)

177 3245 271 3302 Ebria
290 3246 439 3302 consertis
458 3247 563 3302 oscula
582 3246 662 3302 ferre
681 3247 780 3315 labris,

142 3338 234 3393 Molle
253 3338 354 3393 femur
372 3343 520 3394 tractasse
540 3357 640 3408 manu,
660 3345 808 3394 tractasse
827 3337 964 3410 papillas

127 3446 133 3453 ·
178 3429 349 3498 Dulciaque
370 3427 402 3484 in
421 3435 525 3485 tenero
545 3430 626 3484 bella
644 3447 767 3485 movere
787 3428 867 3484 sinu.

145 3520 222 3575 'Pum
241 3518 317 3573 mihi
335 3518 375 3575 sit
393 3536 455 3574 non
473 3537 536 3574 una
556 3519 645 3589 satis;
664 3525 731 3574 tum
749 3518 776 3572 si
795 3516 851 3572 tibi
865 3517 978 3587 jungar

183 3608 308 3678 Fannia,
328 3628 403 3682 quas
422 3609 565 3676 dederim,
588 3628 662 3682 quas
682 3608 866 3680 tulerimque
886 3605 988 3662 vices!

159 3816 212 3860 2-
224 3817 313 3862 Oeam.
328 3815 387 3862 Ant.
402 3817 467 3860 della
480 3817 555 3862 littra
569 3815 661 3860 lutino.
