2550 4176
161 275 214 331 148

212 383 253 436 Et
271 379 439 452 pellucenti
457 378 635 450 splendebat
652 378 771 435 rivulus
790 379 871 435 unda

245 470 358 527 Invitis
377 468 430 542 qni
449 487 531 524 nunc
550 488 604 539 per
620 468 695 540 juga
713 469 809 539 serpit
829 470 924 539 aquis.

212 560 295 626 Quod
315 560 341 614 si
360 560 476 615 aditum
495 560 604 615 tulerit
622 561 713 615 solita
731 561 854 616 lusurus
873 561 905 615 in
924 563 1032 617 umbra

245 651 307 704 Nee
326 650 434 721 procul
453 650 594 720 amplexu
615 667 646 704 se
668 652 760 705 cubet
779 650 831 705 1111
852 669 927 718 mee,

212 740 372 809 Exurgent
391 738 482 810 pictis
501 740 688 810 gemmantia
705 740 841 811 gramina
858 739 977 808 fundis

248 828 380 897 Moxque
400 827 476 882 fluet
495 827 600 884 nitidis
620 829 739 884 rivulus
759 835 869 885 auctus
888 828 985 901 aquis.

215 915 302 970 Talia
320 934 410 987 saepe
430 933 542 971 canens
561 934 678 971 summo
697 918 732 971 de
752 917 831 972 colle
850 917 977 990 Lycoris

253 1004 390 1060 Immites
409 1004 520 1060 blando
539 1006 655 1061 detinet
676 1024 727 1061 ore
745 1005 833 1062 feras.

624 1258 669 1310 11.

574 1403 714 1469 MUffls

521 1530 684 1584 (Garminnm
700 1530 768 1583 Lib.)

209 1691 322 1756 Musae,
342 1707 418 1760 quae
439 1688 552 1745 virides
571 1689 677 1754 111111,
697 1706 834 1760 quaeque
855 1689 958 1744 abdite
978 1689 1068 1746 Pindi

245 1781 387 1834 Humano
406 1778 508 1833 colitis
526 1795 587 1831 non
607 1777 746 1833 adeunda
764 1778 847 1849 pede,

215 1870 259 1924 Ne
279 1887 342 1934 vos,
362 1886 401 1923 ne
419 1867 522 1940 pigeat
542 1868 642 1924 densis
661 1869 815 1924 discedere
834 1869 871 1923 ab
891 1868 1009 1925 umbris

251 1959 407 2028 Antraque
428 1974 569 2011 muscoso
588 1956 726 2028 linquere
746 1957 830 2027 picta
847 1957 927 2012 solo:

215 2040 353 2097 Lethifer
372 2041 484 2096 immiti
503 2042 640 2112 quamvis
659 2059 740 2097 nunc
759 2042 856 2098 sidere
877 2043 990 2114 passim

250 2133 329 2188 Usta
348 2137 464 2202 premat
483 2131 574 2201 longa
592 2129 688 2187 Sirius
707 2149 779 2187 arva
798 2131 863 2202 siti3

214 2219 312 2275 Molsa
331 2237 416 2275 meus
435 2226 554 2274 vestros
572 2219 669 2274 coluit
688 2219 741 2292 qui
758 2237 878 2291 semper
896 2220 1035 2288 honorae,

247 2307 364 2380 Cuique
384 2308 466 2363 dedit
484 2326 587 2364 sacros
605 2309 747 2363 Phoebus
766 2308 842 2364 inire
865 2309 980 2378 choros,

211 2399 232 2454 J
233 2398 396 2452 amdudum
414 2398 543 2468 graciles
562 2399 666 2453 morbo
686 2405 830 2454 tenuatus
848 2399 880 2453 in
899 2406 993 2465 artus,

249 2488 425 2542 Extremam
444 2487 476 2541 11
496 2487 602 2542 mertis
622 2487 728 2542 limine
747 2489 846 2559 poscit
865 2506 961 2560 opem,

212 2577 292 2647 Ergo
311 2576 419 2631 herbas
437 2594 604 2648 succosque
623 2576 715 2632 simul
734 2584 892 2648 properate
912 2577 1063 2648 salubres5

249 2667 289 2720 Et
308 2665 443 2720 medicae
462 2665 607 2738 quicquid
628 2666 778 2739 Cynthius
798 2667 872 2723 artis
890 2668 991 2724 habet.

213 2755 281 2808 Non
300 2755 377 2810 levis
397 2754 515 2827 exiguis
534 2756 631 2811 aderit
644 2775 714 2810 nam
733 2757 829 2827 gloria
847 2757 938 2814 factis

248 2849 309 2902 Vos
328 2865 389 2900 uno
409 2846 554 2902 incolumi
575 2847 749 2902 restituisse
764 2847 848 2903 duos

620 3081 681 3130 111.

569 3222 725 3289 SOMNO

528 3344 690 3398 (Uerminam
704 3345 770 3398 Lib.)

215 3509 281 3565 Nox
301 3507 364 3562 ruit
384 3513 414 3562 at
434 3510 557 3564 coelum
575 3504 670 3560 fuscis'
689 3504 813 3560 invecta
831 3503 986 3576 quadrigis

249 3597 429 3654 Umbrosam
448 3598 534 3653 molli
553 3597 664 3668 frigore
684 3600 792 3668 opacat
804 3595 940 3665 humum,
