2550 4176
978 296 1029 352 195

175 398 212 446 In
230 397 325 447 lenam
336 432 845 451 ..............
877 415 940 464 Pag-
963 399 964 402 Ἴ
1016 436 1028 460 a

97 510 122 524 ..
155 471 319 522 ‚Ludovici
335 472 453 523 Areosti
470 475 674 541 Epitaphium.
702 508 709 522 .
741 508 747 521 .
780 509 786 523 .
819 509 826 522 .
856 511 862 523 .
897 511 903 523 .
937 511 943 524 .
1000 475 1033 526 78

82 583 89 597 .
116 584 122 597 .
154 545 219 596 ,De
237 545 330 608 Lydia
351 582 939 600 ................
1048 549 1051 555 ’

179 620 221 669 De
238 619 360 671 diversis
376 624 522 673 amoribus
544 658 940 674 ...........
998 585 1030 672 79

176 696 222 746 Ad
238 696 395 746 Herculem
412 701 555 749 Strozzam
577 732 936 748 ..........
994 698 1025 747 77

226 843 472 895 BALDASSARE
489 843 759 896 OASTIGLIONE:

54 945 80 994 I.
111 982 117 995 .
150 944 326 1008 .Hippolita
342 946 523 995 Baithassari
540 946 593 995 Cas
612 944 713 995 tilioni
732 944 860 1010 coniugi.
899 982 905 996 .
938 983 944 995 .
1002 947 1036 996 80

90 1055 120 1068 ..
152 1018 216 1069 ,De
234 1024 324 1069 morte
341 1020 498 1084 Raphaelis
514 1021 635 1085 pictoris
661 1056 941 1072 ........
998 1022 1032 1071 84

107 1132 114 1144 .
153 1093 363 1159 ,epitaphium
380 1095 499 1145 Gratiae
516 1096 632 1160 puellae
666 1132 944 1147 ........
1019 1132 1031 1156 ,,

233 1239 345 1292 OELIO
361 1240 616 1292 GALOAGNINI:

75 1389 81 1402 .
113 1387 120 1400 .
153 1349 218 1399 ,De
235 1345 371 1397 Calendis
389 1345 541 1410 Aprilibus
560 1381 946 1397 ...........
1004 1345 1037 1397 85

91 1463 121 1477 ..
154 1423 329 1475 .Lucretiae
347 1422 469 1485 Borgiae
486 1421 567 1487 (lucis
584 1424 748 1486 expectatio
750 1456 946 1472 ......
1002 1422 1036 1471 80

108 1539 114 1551 .
157 1498 365 1549 .Perturbatio
382 1503 544 1562 temporum
560 1499 721 1562 genialium
741 1531 944 1549 ......
1002 1497 1033 1548 87

101 1613 124 1628 ..
157 1575 277 1624 .Imdus
293 1571 490 1637 Nympharum
506 1573 582 1622 nivis
601 1579 728 1638 tempore
744 1606 945 1625 ......
1003 1572 1037 1622 89

233 1704 376 1772 niceno
393 1718 547 1771 oniaco:

77 1869 84 1881 .
117 1868 124 1880 .
157 1829 226 1878 .Ad
241 1828 391 1878 Gaesarem
408 1828 543 1878 Carolum
562 1827 703 1888 Quintum
707 1861 951 1878 .......
1009 1826 1040 1874 91

92 1941 124 1956 ..
159 1904 221 1954 ‚De
238 1902 364 1952 adventu
380 1902 509 1952 Caesaris
526 1901 624 1951 (laroli
642 1900 745 1962 Quinti
756 1936 948 1952 ......
1005 1900 1038 1948 92

110 2017 116 2029 .
159 1978 227 2029 .Ad
242 1977 388 2027 illustrem
404 1977 600 2028 Veronicam.
632 2014 637 2026 .
671 2013 677 2026 .
709 2013 715 2026 .
748 1991 754 2004 ·
787 2011 949 2026 .....
1007 1974 1039 2023 93

102 2090 126 2107 ..
159 2055 225 2104 .De
243 2052 372 2102 discessu
389 2053 424 2101 ab
444 2052 536 2102 amica
553 2084 950 2102 ...........
1006 2049 1039 2099 95

86 2169 92 2183 .
118 2170 125 2185 .
157 2129 225 2181 .Ad
241 2126 363 2179 amicam
400 2161 950 2180 ...............
1024 2159 1037 2179 .

208 2317 210 2319 ,
233 2273 265 2323 G.
282 2270 478 2323 GREGORIO
494 2271 672 2322 GIRALDI:

77 2417 84 2432 .
111 2367 123 2430 ¹.
156 2379 366 2430 .Adamorem
400 2411 949 2428 ...............
1007 2373 1040 2422 96

96 2492 127 2506 ..
158 2454 225 2505 .Ad
241 2467 326 2503 auras
360 2487 637 2503 ........
642 2475 647 2483 ·
670 2484 948 2502 ........
1008 2447 1040 2498 et

233 2600 426 2653 GIOVANNI
442 2599 581 2650 COTTA:

156 2707 224 2758 .Ad
239 2704 720 2768 Lycorim(Amoqcodfateor....)
749 2739 757 2754 .
789 2739 796 2753 .
903 2738 910 2752 .
944 2737 950 2751 .
1009 2701 1042 2750 98

97 2818 128 2832 ..
161 2781 231 2832 .Ad
246 2780 381 2843 Lycorim
399 2780 548 2843 (Ofoctnm
566 2777 795 2841 lacrimabile...)
829 2813 836 2827 .
868 2812 875 2826 .
907 2814 913 2827 .
946 2813 952 2825 .
994 2777 1042 2827 100

113 2894 119 2907 .
160 2855 231 2906 .Ad
246 2855 381 2918 Lycorim
401 2856 452 2924 fNe
469 2860 516 2904 tua
532 2870 565 2903 ac
581 2869 639 2902 mco
649 2850 953 2913 mimmwrmina..)
996 2850 1041 2899 101

106 2966 129 2981 ..
161 2930 231 2982 .Ad
247 2928 381 2992 Lycorim
399 2928 469 2992 (Sive
485 2926 594 2993 aliquid
610 2944 654 2979 aea
664 2929 740 2994 forte
755 2928 914 2989 nihil....).
947 2962 953 2976 .
995 2925 1043 2976 102

89 3041 96 3056 .
122 3041 129 3056 .
161 3004 230 3055 .Ad
249 3004 388 3056 Veronam
404 3036 953 3054 ...............
996 3000 1043 3051 103

234 3151 360 3203 PAOLO
376 3149 626 3202 BELMESSERI:

196 3252 298 3317 Elegia
320 3281 954 3303 .................
996 3248 1044 3299 104

237 3399 314 3450 BEN
317 3396 466 3448 EDETTO
483 3395 715 3446 LAMPRIDIO:

119 3544 126 3558 .
157 3506 346 3559 ,Baldassari
363 3503 516 3556 castilioni
519 3535 952 3554 ............
993 3499 1040 3550 107

64 3584 128 3634 Π..
160 3583 220 3633 .In
236 3582 327 3632 Rosas
339 3610 952 3631 .................
995 3574 1043 3624 108
