2550 4176
953 379 1004 438 115

54 492 179 555 Excitet
196 490 430 568 Alphonsusque
450 497 570 563 atavus,
587 503 780 567 proavosque
799 486 964 560 Ferendus,

90 589 231 643 Summus
248 585 419 657 Aragoniae
438 585 581 655 splendor
599 590 728 655 uterque
747 581 862 636 domus.

55 681 96 733 Et
113 676 229 748 magnis
247 675 386 731 stimulet
404 680 435 730 te
454 676 565 732 Caesar
584 673 755 729 avunculus
773 669 858 737 actis,

98 766 279 837 Grandeque
299 764 473 821 Alexander
490 762 531 819 sit
550 763 606 818 tibi
625 763 724 817 calcar
744 779 827 817 avns.

55 862 96 919 Hi
114 860 173 916 tibi
191 855 344 928 Scipiadas
362 853 509 920 referunt,
529 852 725 924 referuntque
744 850 895 920 Camillos,

89 935 232 1020 Quosque
253 944 329 1001 tulit
347 944 444 999 claros
463 950 545 999 terra
563 943 687 1014 pelasga
706 942 806 997 duces.

56 1039 161 1098 Gloria
179 1042 342 1110 perpetuos
360 1033 468 1088 horum
486 1031 608 1089 victura
625 1049 680 1103 per
699 1049 801 1100 annos,

91 1127 220 1186 Caerula
239 1142 298 1197 qna
317 1128 418 1177 totum
437 1121 547 1176 circuit
565 1121 647 1176 unda
665 1120 771 1176 solum.

56 1221 198 1290 Quaeque
218 1213 346 1269 imiteris
364 1218 434 1282 aget
448 1210 571 1283 juvenis
588 1217 683 1282 pater,
703 1228 755 1266 ora
773 1210 946 1283 priusquam

90 1307 223 1378 Incipias
242 1303 366 1359 rudibus
384 1303 502 1358 solvere
520 1302 623 1357 blaesa
641 1300 731 1356 sonis.

55 1397 192 1453 Plurima
210 1394 257 1451 vis
276 1391 323 1447 illi
342 1389 483 1446 membris
502 1396 533 1444 et
551 1389 681 1461 plurima
699 1390 796 1446 menti

90 1484 307 1554 Promittitque
326 1497 441 1536 novum
460 1479 542 1533 culta
557 1478 687 1551 juventa
705 1480 807 1536 decus.

55 1577 175 1646 Fasque
192 1572 335 1644 piumque
355 1568 438 1637 colit,
453 1568 614 1640 justaeque
634 1568 672 1623 ad
690 1570 823 1640 pondera
840 1569 937 1625 lancis

90 1667 152 1720 Dat
169 1662 282 1734 populo
300 1657 400 1714 facilis
418 1656 543 1712 candida
557 1657 628 1728 jura
645 1674 711 1713 suo.

56 1754 121 1819 Qua
140 1756 233 1821 caput
252 1747 377 1821 opponis
396 1747 465 1816 Soli,
485 1746 654 1820 Apennino,
675 1747 796 1804 cadenti

92 1842 218 1913 Quaque
238 1839 340 1893 calent
358 1836 454 1892 medio
475 1837 597 1892 caemla
616 1836 715 1892 Tusca
732 1837 789 1906 die,

58 1935 184 2004 Quaque
205 1934 416 1998 resurgentem
434 1933 527 1998 ponto
547 1926 632 1983 videt
649 1927 764 1983 Hadria
782 1928 946 1997 Phoebum,

94 2023 221 2091 Quaque
241 2016 361 2073 Athesis
380 2015 514 2087 gelidum
533 2015 677 2072 terminat
695 2015 777 2070 unda
794 2016 883 2085 latus

57 2111 207 2181 Antiquos
225 2107 304 2176 lites,
325 2105 510 2177 antiquaque
529 2105 609 2160 bella
627 2105 756 2173 diremit,

94 2200 221 2269 Sumpta
239 2196 313 2251 licet
332 2201 439 2250 tenera
457 2195 519 2251 sint
538 2195 626 2250 modo
645 2202 766 2268 sceptra
784 2216 883 2254 manu.

58 2284 212 2358 Quidquid
232 2290 263 2339 et
281 2283 313 2337 in
332 2289 397 2338 toto
419 2283 568 2338 bellorum
585 2283 715 2354 turbine,
736 2285 821 2341 ducit

93 2373 268 2444 Intrepidus
288 2379 386 2426 tutam
404 2390 457 2442 per
476 2372 555 2427 freta
574 2378 659 2427 vasta
681 2379 785 2429 ratem.

60 2459 139 2527 Quas
158 2460 215 2515 tibi
232 2467 335 2514 servat
354 2476 434 2529 opes,
454 2459 509 2513 uni
527 2459 583 2513 tibi
603 2465 717 2528 quanta
735 2466 841 2517 tuetur

93 2549 219 2621 Regna?
238 2554 324 2620 parat
343 2547 401 2604 soli
414 2548 476 2619 jam
494 2549 551 2604 tibi
570 2549 716 2622 quidquid
736 2551 806 2622 agit.

59 2637 178 2708 Carpsit
195 2636 255 2691 iter
272 2637 405 2706 longum,
423 2636 665 2710 per-mutatisque
684 2638 808 2694 subinde

94 2725 219 2794 Gallica,
241 2730 272 2780 te
291 2730 422 2796 propter,
442 2743 535 2796 regna
553 2725 664 2797 petivit
684 2727 779 2798 equis.

58 2819 128 2874 Non
146 2821 274 2870 tenuere
293 2813 388 2880 nives,
408 2832 468 2869 non
487 2831 560 2870 saxa
578 2815 689 2887 alpina,
707 2835 764 2872 nec
783 2835 896 2887 amneS,

94 2907 157 2962 Nec
176 2910 240 2959 tam
258 2902 441 2975 longinquas
462 2910 544 2959 meta
563 2905 698 2961 voranda
717 2905 795 2974 viae,

59 2998 193 3067 Forsque
212 2993 371 3065 pruinosas
389 2993 463 3049 tulit
482 3012 589 3065 exspes
607 2996 662 3050 sub
681 2997 760 3052 Jove
780 3003 894 3067 noctes,

94 3085 238 3154 Siccaque
260 3083 398 3138 coenosis
417 3081 533 3154 proluit
552 3102 605 3139 ora
622 3085 715 3142 vadis.

59 3175 141 3241 Quas
160 3172 267 3227 adiisse
289 3189 381 3240 casas,
401 3187 519 3245 quaeve
540 3187 610 3228 esse*
625 3172 738 3230 viatica
757 3176 886 3238 credam,

94 3263 212 3332 Aspera
229 3260 302 3314 dum
321 3258 424 3330 rapido
444 3277 498 3330 per
513 3260 586 3332 juga
605 3263 701 3317 currit
721 3264 818 3336 equo?

59 3353 101 3407 At
119 3356 155 3406 tu
172 3349 339 3420 gemmatis,
358 3348 609 3419 fortunatissime,
630 3351 725 3424 cunis,

94 3439 162 3493 Non
180 3438 351 3509 interrupto
371 3439 505 3494 membre
524 3457 629 3510 sopore
649 3441 736 3512 rigas.

61 3529 232 3600 Lacteaque
254 3546 271 3582 a
289 3527 384 3599 primo
403 3529 508 3600 vagitu
526 3529 636 3600 pocula
654 3531 737 3603 sugis

95 3618 197 3690 Atque
216 3617 328 3672 famem
346 3616 430 3674 dulci
448 3617 529 3673 lacte
547 3617 691 3693 sitimque
711 3618 809 3695 fugas.
