2550 4176
309 416 371 473 Nos
389 413 530 489 periitne,
550 415 601 490 qui
622 431 710 472 earne
729 412 867 473 molliet
886 409 1006 472 ossibus

346 509 415 563 Non
430 507 531 563 saxeis
550 508 640 578 plene
659 525 772 575 sumus,

311 597 451 664 Quonam
469 597 585 668 putatis
611 614 677 652 esse
696 615 783 668 posse
804 596 951 653 eoroulo‘?

348 687 416 751 Qua
445 685 569 741 mente?
588 703 644 741 neo
663 686 752 756 pluro
770 685 893 742 attinet.

614 995 658 1047 ΙΙ.

496 1149 550 1215 IN
572 1149 778 1217 EAMDEM

518 1295 679 1349 (carminum
693 1296 762 1349 Lib.)

313 1455 336 1510 0
356 1473 389 1510 os
407 1472 601 1526 purpureum,
620 1471 776 1526 genaeque
795 1455 902 1511 laeves

311 1546 458 1613 Sabellos,
478 1565 496 1601 o
515 1553 640 1602 tenerae
660 1563 770 1600 manus
791 1545 934 1611 eburneo,

310 1635 425 1690 Dentes
446 1635 606 1703 candiduli,
627 1634 750 1692 venusti
771 1634 873 1702 ocelli,

314 1722 431 1790 Quibus
451 1723 609 1779 candidius
628 1722 848 1795 venustiusque

312 1815 374 1869 Neo
394 1814 505 1870 candor
523 1815 604 1886 potis
624 1831 688 1869 esse
709 1831 766 1868 nee
785 1818 946 1880 venustas,

314 1905 375 1972 Qui
392 1911 501 1960 vestre
520 1902 618 1976 glaeie
638 1904 753 1958 Notum
771 1902 879 1973 rigere,

314 1996 378 2048 Aut
396 2000 502 2048 vestra
520 1994 648 2047 Boream
668 1998 773 2062 tepere
792 1989 921 2056 flamma,

315 2083 408 2139 Stulti
429 2081 592 2140 versieulis
611 2088 726 2137 canunt
745 2081 867 2153 ineptis,

313 2173 360 2228 Ah
380 2180 494 2243 quanto
513 2173 680 2244 satiusque,
700 2169 867 2242 veriusque

313 2261 363 2315 Me
377 2278 508 2332 aegrum,
522 2258 615 2315 flante
629 2259 793 2330 Aquilone,
808 2259 900 2314 flente
917 2266 950 2314 et
962 2262 1089 2328 Austro,

313 2351 458 2408 Dicerent
477 2356 606 2407 tremere
624 2368 719 2423 usque
741 2358 772 2406 et
790 2356 940 2406 aestuare.

620 2671 681 2723 111.

374 2825 437 2891 DE
461 2823 627 2892 LIVlAl]
651 2822 911 2891 COLUMNAE

591 2926 700 2968 ocums

527 3034 687 3088 (carminum
700 3035 768 3088 Lib.)

317 3195 414 3252 Ooelli
433 3195 523 3250 nitidi
541 3213 626 3251 meee
646 3195 775 3267 puellae,

316 3286 442 3340 Puellae
461 3283 673 3356 lepidissimus,
693 3292 725 3340 et
744 3291 902 3352 venustae,

317 3376 474 3440 Quantum
492 3390 554 3428 non
572 3373 633 3428 alia
651 3375 723 3441 ulle,
744 3374 796 3430 oui
813 3393 867 3445 per
885 3376 977 3431 urbes

317 3465 428 3518 Forma
447 3461 598 3518 excellere
619 3462 750 3534 contigit
769 3462 903 3534 Latinas,

319 3552 417 3608 Ooelli
434 3551 532 3624 nitidi,
551 3551 624 3623 quid
643 3551 790 3610 accidisse

320 3641 414 3705 Vobis
434 3640 493 3714 (me
512 3638 668 3716 miserum)
689 3641 779 3699 audio
799 3641 945 3702 molesti?
