2550 4176
1021 296 1072 354 137

156 393 225 454 Non
243 415 297 472 ego
315 417 369 456 vos
388 397 524 471 posthac,
543 419 605 456 non
624 397 753 473 amplius
773 418 825 457 ora
844 401 952 459 videbo

156 486 243 557 Cara5
262 490 356 544 semel
374 491 483 546 saltem
503 491 541 546 ab
560 489 699 546 licuisset
718 495 882 560 utrumque
901 492 983 547 tueri

156 579 236 632 Ante
256 577 358 634 obitus
376 587 539 651 vestraque
559 579 665 635 oculos
683 585 820 635 saturare
840 581 944 651 figura,

157 668 387 741 Congressuque
405 668 468 724 frui
484 668 602 742 farique
621 668 785 724 novissima
802 671 902 726 verba

155 756 203 811 Ah
221 756 321 813 dolor!
335 754 380 811 'ah
398 757 512 828 pietas!
534 776 596 812 non
611 757 691 825 flens
711 758 876 814 morientia
893 759 990 829 pressi

156 847 303 901 Lumina:
320 845 483 902 funereum
501 865 562 901 non
582 865 651 904 sum
670 846 835 902 comitatus
852 847 999 903 honorem

156 935 225 989 Non
242 934 330 1006 potui
346 935 552 991 vestrovobis
571 935 602 989 in
623 941 757 1006 tempore
779 936 883 990 adesse

157 1024 269 1079 Gratus
288 1024 357 1079 luce
376 1024 479 1096 magis,
499 1024 566 1080 vita
580 1024 744 1095 jucundior
762 1024 834 1095 ipsa.

157 1113 224 1166 Non
242 1113 328 1182 potui
346 1113 432 1169 vobis
451 1113 625 1184 spectabilis
644 1112 794 1170 affulsisse

157 1202 258 1268 Quum
277 1203 358 1274 mihi,
379 1209 496 1258 mutato
518 1222 616 1274 cursu,
643 1203 767 1259 fortuna
786 1204 906 1260 veniret

158 1291 290 1357 Laetior,
307 1297 345 1346 et
360 1309 516 1364 nunquam
536 1298 656 1363 optatos
675 1292 796 1349 afferret
813 1293 951 1360 bonores

157 1380 241 1446 Quos
259 1380 320 1435 adii
339 1380 435 1436 vestri
453 1387 575 1436 tantum
595 1398 716 1450 memor,
735 1381 816 1437 haud
834 1382 909 1436 mihi
926 1400 1053 1454 parcens

156 1469 212 1524 Cui
230 1469 373 1539 placitam
392 1470 488 1524 Musis
506 1469 609 1540 potins
628 1470 790 1525 traducere
809 1470 904 1525 vitam

155 1555 265 1610 Fixum
279 1561 351 1620 erat,
367 1561 457 1627 atque
472 1556 620 1610 humilem
635 1574 737 1611 rerum
751 1556 829 1612 altas
840 1557 956 1613 discere
968 1554 1090 1614 caussas

158 1644 247 1700 Vobis
267 1644 447 1715 conspicuos
466 1644 536 1700 unis
556 1644 712 1716 ingressus
732 1646 862 1715 honores

154 1733 287 1788 Subdere
308 1734 386 1788 eolla
400 1733 474 1805 jugo
494 1733 582 1805 potui
602 1735 678 1789 male
701 1741 789 1791 sueta
806 1753 973 1809 manusque

154 1821 264 1876 Victus
283 1833 389 1893 sponte
411 1822 487 1887 dedi,
507 1823 587 1877 haud
608 1840 684 1878 onus
702 1830 860 1879 aversatus
880 1824 1026 1894 iniquum,

155 1911 239 1977 Quae
260 1909 334 1964 mihi
353 1918 463 1965 cuncta
482 1911 555 1964 olim
573 1910 642 1977 (tibi
661 1911 742 1989 enim
768 1912 948 1967 commercia
966 1913 1090 1980 Divum)

152 1998 307 2054 Praedixti
326 1998 426 2065 toties,
446 1999 572 2054 venturi
592 1999 727 2069 praescia
745 2007 850 2055 mater.

152 2089 215 2144 Vos
233 2105 310 2143 unos
328 2088 480 2159 agitabam
500 2089 613 2154 animo,
633 2096 794 2162 vestraque
814 2089 938 2145 fruebar

152 2178 286 2232 Laetitia
304 2179 454 2243 exultans
479 2186 510 2233 et
528 2178 638 2249 gaudia
657 2186 760 2234 vestra
781 2179 926 2250 fovebam,

151 2267 274 2322 Mecum
292 2267 392 2322 animo
412 2285 547 2335 versans,
567 2286 654 2340 quam
673 2268 762 2324 vobis
782 2268 836 2322 illa
854 2269 959 2324 futura

152 2359 250 2412 Laeta
267 2357 332 2413 dies
351 2375 411 2429 qua
431 2376 479 2416 me
499 2358 608 2413 vestris
629 2359 818 2430 amplexibus
836 2375 948 2429 urgens

152 2448 304 2501 Irruarem
324 2445 504 2517 improvisus
525 2447 562 2502 ad
583 2448 695 2514 osenla,
716 2447 769 2502 vix
789 2449 864 2502 bene
884 2447 1006 2519 utrique

151 2533 290 2605 Agnitus
309 2535 441 2590 insolitis
460 2535 566 2591 titulis
583 2541 613 2591 et
631 2536 797 2591 honoribus
816 2541 925 2591 auctus

152 2624 277 2680 Scilicet
295 2631 327 2679 et
346 2624 435 2696 lengo
456 2626 582 2680 tandem
601 2633 669 2696 post
689 2633 825 2696 tempore
846 2625 937 2691 visus,

152 2716 232 2769 Dum
250 2713 352 2769 tenuit
370 2731 415 2768 me
435 2714 541 2780 Roma,
561 2714 669 2770 humili
689 2733 743 2770 vos
763 2716 833 2770 sede
854 2715 1008 2770 Cremona.

152 2806 222 2860 Una
241 2817 306 2859 erat
323 2805 398 2859 haec
417 2822 531 2860 merces
551 2812 706 2860 tantorum
724 2805 815 2877 digna
833 2807 979 2861 laborum.

150 2894 234 2949 Mens
254 2899 319 2948 erat
337 2893 369 2947 in
387 2893 513 2964 gremiis
532 2893 634 2950 studio
652 2894 754 2966 jacere
776 2894 877 2949 omnia
896 2895 1006 2950 vestris

149 2983 241 3036 Parta
260 2999 335 3047 mee,
357 2988 388 3036 et
408 2988 531 3037 tantum
550 2992 669 3038 vestros
691 2999 842 3053 exponere
862 2983 893 3037 in
913 3000 986 3038 usus

151 3073 196 3129 Ut
212 3071 314 3126 fuerat
333 3091 393 3143 par,
414 3090 468 3128 vos
488 3073 584 3128 claras
604 3089 651 3126 me
673 3072 793 3128 scilicet
812 3079 891 3128 artes

150 3160 196 3216 Re
214 3159 287 3214 licet
305 3166 434 3232 angusta
452 3161 553 3230 petius
572 3161 713 3216 voluistis
732 3161 814 3216 adire

150 3250 249 3316 Quam
267 3267 378 3320 genere
397 3249 529 3321 indignis
549 3249 657 3305 studiis
677 3250 850 3305 incumbere
870 3256 983 3306 nostro.

150 3339 251 3408 Atque
271 3337 338 3392 ideo
357 3338 461 3392 doctas
480 3337 610 3392 docilem
627 3338 754 3393 misistis
773 3337 810 3392 ad
829 3340 926 3409 urbae,

151 3425 298 3492 Quamvis
316 3425 348 3481 in
366 3427 478 3481 nostris
498 3427 622 3482 lusisset
641 3427 758 3482 lubrica
776 3429 865 3483 rebus

150 3515 170 3570 J
173 3515 336 3585 ampridem
354 3514 485 3582 fortuna,
507 3523 538 3570 et
557 3535 629 3588 opes
648 3517 792 3572 vertisset
811 3516 915 3583 avitas,

150 3605 191 3659 Et
209 3621 258 3659 res
277 3602 359 3658 fluxa
378 3603 453 3660 alias
472 3605 573 3675 potius
592 3611 751 3684 revocaret
770 3604 807 3660 ad
825 3611 914 3660 artes.
