2550 4176
604 537 657 590 VI.

339 686 403 752 DE
427 686 647 753 DIVERSIS
674 686 921 757 AMORIBUS

481 825 649 880 (carminum,
672 828 729 873 Lib.
743 830 781 884 ιι.)

161 1001 216 1056 Est
235 1015 304 1054 mea
321 1016 403 1055 nunc
422 1001 563 1074 Glycera,
581 1018 649 1056 mea
667 1019 749 1058 nune
768 1008 816 1056 est
835 1019 909 1057 cura
927 1002 1055 1074 Lycoris

195 1090 282 1161 Lyda
299 1090 386 1145 modo
406 1108 492 1146 meus
511 1097 566 1157 est,
585 1097 634 1146 est
652 1091 740 1145 modo
760 1091 879 1164 Phyllis
898 1109 990 1147 amor.

161 1181 277 1237 Primae
296 1182 410 1238 Glaura
427 1182 511 1238 faces
529 1187 671 1239 renovat:
691 1188 795 1238 movet
813 1182 916 1254 Hybla
934 1186 1080 1251 recentes,

195 1273 267 1328 Mox
287 1289 410 1328 cessura
427 1271 491 1344 igni
509 1272 630 1337 (flaura,
650 1272 701 1327 vel
719 1270 822 1344 Hybla
839 1289 927 1327 novo.

160 1361 223 1417 Nec
241 1360 317 1416 mihi
335 1361 464 1429 diverso,
483 1379 542 1416 nec
561 1360 669 1415 eodem
687 1367 823 1432 tempore
843 1378 932 1432 saepe

195 1451 326 1507 (lentum
344 1468 458 1507 vesano
478 1449 600 1507 suntin
620 1467 722 1504 amore
741 1450 826 1506 satis.

161 1541 204 1597 Ut
221 1556 291 1595 sum
309 1539 336 1595 si
353 1540 468 1612 placeo,
489 1557 536 1595 me
557 1557 605 1594 me
625 1539 669 1594 sic
688 1545 775 1594 utere
795 1540 881 1612 virgo

193 1630 254 1686 Seu
271 1637 360 1701 grata
378 1647 419 1702 es,
439 1647 495 1686 seu
510 1630 574 1702 jam
592 1635 680 1701 grata
697 1630 803 1684 futura
822 1630 907 1685 mihi.

159 1718 224 1774 Hoc
243 1719 317 1774 olim
335 1719 457 1791 ingenio
476 1719 585 1776 vitales
605 1719 762 1776 hausimus
780 1738 877 1785 auras,

192 1808 292 1864 Multa
310 1808 370 1864 cito
390 1815 425 1863 ut
443 1810 585 1880 placeant
604 1808 794 1881 displicitura
812 1810 908 1867 brevi.

158 1899 224 1954 Non
242 1899 275 1952 in
293 1916 395 1954 amore
414 1899 502 1954 modo
521 1916 605 1954 mens
623 1900 707 1967 haec,
727 1900 780 1955 sed
798 1900 831 1954 in
850 1900 991 1957 omnibus
1009 1901 1105 1974 impar

193 1989 264 2060 Ipsa
283 1986 340 2044 sibi
358 1989 450 2060 longa
468 2007 530 2045 non
549 1989 709 2045 retinenda
728 2008 819 2046 mora.

158 2079 252 2149 Saepe
271 2078 376 2134 eadem
395 2080 531 2135 Aurorae
551 2096 638 2135 rosea
657 2087 801 2152 surgente
820 2081 967 2152 quadriga

191 2168 260 2223 Non
279 2173 334 2230 est,
355 2185 431 2240 quae
450 2167 551 2223 fuerat
570 2169 633 2223 sole
654 2169 782 2225 cadente
802 2169 885 2224 mihi.

158 2257 181 2310 0
201 2263 276 2330 quot
293 2262 427 2313 tentatas
446 2256 500 2311 illa
519 2263 567 2312 est
585 2264 708 2314 versata
726 2276 780 2330 per
799 2265 880 2314 artes

190 2346 350 2402 Festivom
368 2345 531 2418 impatiens
550 2347 674 2402 rettulit
692 2349 772 2403 unde
792 2348 908 2420 pedem,

156 2436 232 2493 eum
249 2436 381 2508 primum
398 2436 507 2509 longos
525 2437 614 2509 posui
631 2437 667 2492 de
685 2456 768 2494 more
790 2438 924 2510 capillos,

189 2528 306 2600 Estque
324 2525 400 2581 mihi
417 2526 549 2599 primum
566 2527 680 2583 tradita
698 2546 775 2599 pura
792 2535 874 2599 toga.

153 2618 238 2672 Haeo
257 2633 305 2671 me
324 2615 466 2672 verbosas
484 2615 582 2672 suasit
599 2616 770 2687 perdiscere
790 2618 882 2689 leges,

189 2706 360 2778 Amplaque
380 2704 506 2761 clamosi
524 2723 671 2778 quaerere
690 2705 779 2761 lucra
796 2706 865 2762 fori.

153 2797 255 2866 Atque
276 2792 379 2849 eadem
398 2799 535 2865 optatam
553 2800 726 2864 sperantem
746 2794 896 2866 attingere
917 2803 1038 2863 metam,

188 2884 255 2938 Non
272 2883 356 2939 ultra
373 2900 461 2953 passa
478 2888 527 2938 est
544 2882 679 2952 improba
696 2883 777 2939 ferre
795 2885 911 2955 pedem.

153 2974 260 3045 Meque
279 2972 317 3027 ad
335 2973 528 3027 Permessum
546 2978 637 3028 vocat
656 2972 837 3043 aeriamque
857 2975 1046 3047 Aganippem

187 3065 328 3134 Aptaque
347 3060 492 3134 virgineis
511 3060 616 3116 mollia
634 3067 722 3132 prata
742 3062 850 3118 choris.

152 3151 263 3223 Meque
279 3151 368 3221 jubet
386 3152 476 3207 docto
494 3150 590 3207 vitam
608 3151 776 3223 producere
797 3159 898 3221 cantu,

188 3241 248 3294 Per
266 3256 391 3295 nemora
409 3239 463 3294 illa
481 3240 579 3297 avidis
599 3259 662 3297 non
681 3243 820 3299 adeunda
840 3243 923 3300 viris.

152 3331 283 3404 Jamque
303 3330 393 3398 aciae,
409 3331 472 3403 jam
490 3331 574 3388 faeta
593 3333 714 3400 ducum,
734 3333 795 3387 iam
814 3332 907 3387 fortia
925 3330 1032 3387 Martis

187 3418 326 3491 Concipit
344 3425 471 3475 aeterna
488 3421 569 3477 bella
589 3423 724 3478 canenda
743 3423 824 3478 tuba.

150 3509 230 3565 Ecce
249 3507 362 3565 iterum
380 3510 459 3565 male
479 3528 559 3578 sana
579 3511 687 3585 inquit,
707 3513 780 3586 quid
799 3512 908 3568 inutile
930 3519 1016 3568 tento

184 3597 252 3653 Hoc
270 3597 407 3654 studium
424 3600 490 3657 vati
507 3603 642 3674 praemia
659 3605 745 3660 nulla
764 3611 897 3661 manent.
