2550 4176
523 423 550 472 Ι.

371 553 439 620 AD
463 546 686 620 FANNIAM

399 686 544 740 (Amorum,
560 687 616 731 Lib.
630 686 657 739 ι.)

124 849 246 914 Puella,
266 846 352 901 molli
370 845 531 901 delicatior
549 863 625 911 rosa,

165 939 267 1003 Quam
286 953 397 992 vernus
416 954 470 990 aer
487 935 630 1006 parturit,

160 1027 314 1097 Dulcique
335 1044 403 1081 rore
422 1025 593 1081 Memnonis
612 1026 692 1096 nigri
709 1045 818 1096 parens

161 1118 256 1190 Rigat
274 1118 362 1174 suavi
381 1116 412 1171 in
431 1117 568 1186 hortulo;

122 1209 211 1273 Quae
231 1225 320 1262 mane
337 1205 434 1277 primo
455 1205 581 1260 roscidis
601 1205 717 1260 cinctos
736 1204 818 1260 foliis

160 1298 258 1353 Ornat
276 1294 404 1350 nitentis
423 1294 566 1364 remulce,

161 1384 225 1443 Ubi
243 1386 405 1440 rubentem
422 1402 575 1455 gemmeos
593 1383 741 1440 scandens
762 1402 855 1454 equos

159 1472 302 1527 Phoebus
320 1477 460 1542 peragrat
478 1471 612 1527 aethera.

122 1560 214 1615 Tunc
234 1558 370 1630 languidi
387 1559 470 1613 floris
490 1560 582 1615 breve
601 1564 634 1613 et
652 1559 784 1614 moriens
802 1559 896 1615 decus

160 1649 270 1706 Gornas
289 1647 422 1703 reflectit
438 1647 578 1703 lassulas.

160 1739 233 1794 Mox
252 1754 347 1808 prona
365 1738 446 1792 nudo
466 1737 580 1793 decidit
600 1737 759 1792 cacumine

158 1825 327 1896 Honorque
347 1832 410 1880 tam
429 1825 531 1881 brevis
550 1825 640 1896 perit.
668 1835 673 1846 “

120 1914 174 1970 Sic
194 1914 293 1969 forma
310 1914 416 1984 primis
435 1913 526 1970 floret
544 1914 642 1984 annis,
662 1912 808 1969 indecens

158 2003 222 2061 Ubi
240 2009 384 2059 senectus
404 2002 536 2068 advenit,

158 2093 231 2148 Heu
249 2094 376 2164 languet
396 2092 456 2148 oris
476 2091 562 2146 aurei
580 2091 683 2146 nitens
705 2093 795 2158 color,

158 2181 249 2248 Quod
267 2198 343 2253 ruga
361 2179 459 2253 turpis
478 2184 593 2236 exarat.

120 2270 210 2326 Perit
230 2287 384 2326 comarum
403 2270 514 2342 fulgor,
535 2276 566 2326 et
584 2270 695 2326 frontis
708 2271 810 2338 decus,

160 2361 337 2431 Dentesqne
355 2357 473 2415 flavent
493 2357 620 2427 candidi,

157 2448 272 2502 Pectus
290 2446 412 2519 papillis
431 2447 629 2503 invenustum
648 2446 802 2518 languidis

156 2535 238 2592 Sinis
256 2536 403 2591 recondet
420 2535 565 2591 sordidus.

122 2620 215 2687 Quod
233 2639 315 2676 nunc
335 2620 399 2676 eois
417 2620 555 2675 lucidum
573 2619 699 2692 gemmis
718 2618 798 2675 nitet

156 2709 337 2780 'Pennisque
356 2707 451 2766 vestit
469 2709 573 2775 fascia,

157 2799 264 2854 Nullas
285 2797 417 2854 amantis
438 2797 543 2853 audies
561 2796 672 2852 moesti
689 2814 805 2869 preces,

156 2890 272 2944 Duram
292 2887 447 2959 querentis
463 2886 596 2958 januam.

118 2976 189 3031 Non
209 2980 292 3031 serta
310 2973 403 3030 lentis
422 2975 482 3029 fixa
502 2991 610 3029 cernes
629 2973 767 3044 postibus

157 3063 286 3118 Exclusi
303 3062 432 3118 amantis
451 3080 585 3132 munera,

155 3152 213 3208 Sed
232 3152 298 3207 sola
316 3150 417 3207 noctis
439 3150 548 3223 frigido
571 3151 662 3206 cubas
681 3158 749 3206 toro

156 3238 242 3294 Nulli
260 3238 357 3310 petita
376 3246 523 3296 conteres.

121 3327 203 3392 Quin
221 3327 280 3382 hoc
296 3327 445 3398 juventae
463 3327 608 3383 floridum
628 3335 720 3400 atque
739 3329 828 3384 dulce
847 3346 902 3384 ver

155 3418 347 3487 Brevemque
365 3415 473 3472 florem
494 3419 654 3488 carpimus,

154 3505 227 3562 Post
246 3507 345 3561 lustra
368 3507 503 3580 quinque
517 3507 577 3562 iam
597 3514 739 3564 senectus
759 3506 867 3577 incipit

157 3596 330 3667 Latensque
353 3597 486 3667 surrepit
505 3597 601 3653 modo.
