2550 4176
440 1308 703 1389 PAOIFICO
731 1307 978 1384 MASSIMI.

280 1545 405 1620 Narque
428 1545 467 1604 ad
488 1544 599 1604 Asaoli
620 1544 670 1604 sul
685 1545 839 1623 principio
853 1545 904 1604 del
919 1545 1023 1605 secolo
1043 1561 1100 1605 xv.
1125 1547 1201 1609 Stu-

220 1638 270 1697 die
292 1640 324 1698 in
346 1639 498 1714 Peragia3
521 1640 598 1699 morl
619 1638 652 1696 in
666 1637 768 1715 patria
789 1638 955 1715 pressoahe
978 1643 1171 1699 centenario,

264 1796 389 1846 Graium.
408 1795 486 1846 Diui.
503 1797 536 1845 de
547 1801 617 1856 poet.
639 1812 712 1846 error.
728 1801 817 1861 lemp.‚·
836 1797 888 1847 eol.
905 1797 960 1848 533.
981 1826 1011 1834 -
1032 1797 1135 1848 Galim.
1159 1801 1204 1849 De

215 1868 307 1932 script.
322 1887 376 1918 riori
387 1871 460 1931 eccl.‚·
472 1871 512 1920 ΡΘ.
525 1887 534 1918 1
548 1885 572 1933 p.
584 1870 637 1919 186.
649 1898 679 1906 -
691 1870 768 1920 Voss.
781 1872 821 1920 De
833 1869 972 1921 historicis
983 1871 1092 1937 latinis;
1105 1873 1172 1925 Vol.
1184 1891 1203 1939 1,

216 1960 241 2007 p.
250 1946 304 1994 629.
318 1973 348 1980 -
361 1946 504 1994 Aurum
519 1945 666 1994 Minora.
684 1946 788 1995 Lectae
801 1943 951 2025 pillaricha
961 1946 1106 2013 peruyirie.
1119 1975 1130 1985 ·
1148 1949 1203 1998 Pe·

218 2018 308 2082 rugia
329 2021 401 2083 178&
421 2035 446 2083 p.
457 2020 505 2069 273
521 2019 552 2068 in
570 2024 646 2071 noia.

690 2297 718 2349 1.

542 2444 611 2509 DE
645 2441 870 2510 PUELLA

581 2585 697 2638 (Elegiae
712 2582 830 2634 Joeosae)

233 2765 378 2837 Quisquis
398 2773 487 2832 amat,
507 2769 632 2838 longum
651 2769 771 2824 nonsit
790 2769 848 2825 sibi
867 2769 970 2825 taedia
989 2776 1112 2840 tempus

269 2858 420 2923 Allerere,
440 2861 470 2909 et
489 2856 584 2910 tardis
604 2863 707 2912 currat
725 2864 761 2912 ul
780 2875 884 2913 amnes
903 2859 997 2930 aquis.

233 2944 303 2999 Vidi
323 2962 378 3016 ego
397 2944 550 2999 montanis
569 2945 748 3000 mollescere
769 2946 899 3002 collibus
922 2965 1021 3015 uvam,

268 3033 353 3098 Quae
373 3039 475 3101 venio,
496 3038 528 3088 ei
546 3032 644 3103 glaeie
665 3034 753 3100 dura,
769 3035 912 3107 rudisque
933 3035 1001 3091 fuis.

233 3126 352 3198 Oraque
371 3122 532 3178 marmorei
551 3122 696 3192 quotiens
715 3129 894 3195 consumpta
913 3125 1018 3181 notavi

269 3212 383 3279 Fontis,
404 3213 477 3267 dum
495 3211 613 3282 gelidae
633 3211 706 3266 fune
726 3211 892 3266 trahuntur
911 3231 1013 3285 aquae.

234 3303 327 3372 Saepe
345 3299 419 3356 Jovi
438 3317 491 3370 pes
505 3306 552 3355 est
571 3299 687 3356 iterum
704 3299 855 3355 formatus
874 3300 979 3367 aheno,

268 3389 398 3443 Admota
416 3386 505 3443 trivit
524 3405 615 3459 quem
635 3388 684 3459 pia
704 3388 795 3442 turba
814 3407 917 3443 manu.

234 3477 315 3544 Quid
332 3477 441 3532 docuit
461 3477 565 3549 rigidis
584 3494 672 3532 aures
691 3478 835 3548 praebere
856 3479 1009 3551 magistris

267 3567 427 3638 Hyreanas
450 3565 562 3638 Tigres,
583 3564 820 3638 Parthasiasque
840 3567 939 3622 feras?
