2550 4176
244 300 280 358 '10

238 405 300 457 rae
317 403 475 472 spemn,-
492 404 535 455 Β·
550 421 580 469 11,
599 422 626 471 p.
636 366 691 456 ers.
707 433 738 442 -
754 405 884 456 enom.
906 401 1216 457 saevassaeuas·

240 481 360 534 lectorati
364 481 516 548 serroresi5
525 481 589 533 Vol.
600 498 619 542 1,
635 496 660 546 p.
671 482 724 532 167.
736 510 766 518 -
777 481 923 531 Gnuouocr.
933 481 1014 532 Delle
1021 480 1117 546 poesie
1127 479 1216 533 latim

239 555 309 610 edite
325 575 339 610 e
355 555 458 610 inedita
473 555 505 608 di
520 555 657 608 Lodova’ao
673 555 787 608 Ariorto.
804 583 814 593 ·
831 556 971 620 Bologua‚
988 571 1158 608 nnecomv.

708 915 737 967 1.

546 1063 616 1130 AD
642 1064 904 1130 PHILIROEN

577 1206 745 1261 (Ominum,
761 1205 817 1251 Lib.
832 1207 869 1260 ιι.)

364 1392 444 1461 Quid
463 1391 629 1448 Galliarum
647 1391 775 1448 navibus
793 1396 849 1447 aut
867 1393 954 1464 equis
1000 1381 1003 1388 Δ

398 1483 490 1536 Perat
507 1479 640 1536 minatus
659 1481 784 1537 Carolus
802 1479 902 1550 asperi
928 1529 935 1542 ,

398 1574 514 1627 Furore
532 1570 640 1625 militis
658 1573 816 1625 tremendo

399 1660 544 1716 Turribus
564 1657 697 1714 ausoniis
715 1658 843 1726 ruinam,

362 1751 479 1806 Rursus
498 1748 570 1822 quid
588 1747 684 1804 hostis
702 1747 867 1819 prospiciat
885 1746 952 1818 sihi,

397 1842 445 1897 Me
465 1840 551 1896 nulla
569 1846 675 1912 tangat
694 1858 774 1907 eura,
794 1841 849 1895 sub
870 1840 979 1894 arbuto

397 1932 419 1987 J
422 1936 560 1985 aeentem
579 1947 673 2002 aquae
693 1930 731 1983 ad
751 1946 887 1983 murmur
907 1927 1043 1984 cadentis

398 2024 479 2077 Dum
491 2027 609 2091 segetes
629 2019 789 2090 Corydona
806 2017 902 2074 flavae

363 2112 480 2165 Durum
498 2107 635 2179 fatigant.
655 2106 797 2171 Philiroe,
817 2123 926 2172 meum,

398 2196 429 2254 Si
446 2202 588 2251 mutuum
607 2202 700 2266 optas,
720 2201 756 2251 ut
775 2194 849 2249 mihi
866 2193 987 2265 saepius

396 2285 517 2352 Dixisti,
538 2303 677 2352 amorem,
696 2283 746 2340 fao
766 2284 880 2340 corolla

398 2377 555 2446 Purpureo
574 2373 691 2430 variata
708 2372 783 2428 flore

363 2463 502 2522 rimantis
521 2464 614 2518 udum
633 2462 817 2518 circumeat
836 2467 936 2534 eaput,

397 2556 495 2622 Quam
514 2558 549 2607 tu
567 2551 680 2606 nitenti
698 2550 841 2605 nexueris
859 2568 966 2622 manu;

395 2644 575 2714 Manumque
595 2640 708 2712 cespite
726 2640 784 2695 hoo
803 2641 982 2696 recumbens

396 2734 443 2790 Ad
462 2730 618 2806 cytharam
637 2731 738 2787 canito
758 2749 859 2788 suave.

272 2936 411 2988 Quest’ode
425 2935 439 2979 ὸ
454 2937 481 2979 la
496 2936 580 2989 prima
592 2935 766 2981 dall’Ariosto
781 2950 794 2980 e
809 2936 964 2991 appartiene
978 2937 1007 2981 al
1021 2937 1080 2988 1496,
1104 2949 1174 2981 anno
1186 2937 1214 2982 in

232 3004 276 3047 eui
290 3003 323 3046 da
336 3003 416 3046 Oarlo
430 3003 495 3046 VIII
510 3003 534 3046 si
547 3015 693 3056 preparava
701 3016 754 3047 una
768 3002 879 3048 saoonda
893 3017 906 3047 e
920 3002 966 3057 pib
979 3002 1146 3048 formidabile
1156 3016 1214 3058 spe·

234 3070 334 3116 diaione
355 3071 459 3122 Italion,
482 3083 496 3113 e
520 3070 626 3114 l'Italiu
645 3083 692 3114 era
709 3071 785 3124 piena
804 3070 849 3115 del
869 3075 974 3115 terrore
990 3069 1070 3114 d’una
1087 3069 1216 3125 prossima

233 3148 334 3191 guerra.
363 3135 417 3182 Ofr.
432 3135 566 3181 Onanucor.
584 3136 628 3189 Op.
643 3139 694 3194 cot,
709 3152 733 3191 p.
747 3139 773 3181 81
787 3151 801 3182 e
815 3139 852 3182 88.
