2550 4176
686 370 746 426 111.

503 525 555 590 IN
579 525 916 594 ORYSOOOMUM.

242 717 357 784 Allicis,
377 717 513 787 expellis,
533 718 677 789 sequeris
697 717 798 790 fugis,
815 737 847 774 es
866 716 935 787 pius
956 730 986 772 et
1006 735 1038 772 es
1058 724 1146 788 trux3

277 807 326 861 Me
346 805 400 870 vis,
421 823 467 860 me
488 823 550 860 non
569 805 631 875 vis;
651 824 697 861 me
719 806 837 862 crucias
857 812 888 861 et
907 824 1000 861 amas.

241 894 407 960 Promittis
428 895 575 964 promissa
594 913 694 966 negas,
715 913 799 967 spem
819 895 894 950 mihi
913 895 1005 965 eripis
1026 900 1057 950 et
1075 896 1144 951 das:

275 983 343 1037 Jam
351 983 413 1054 jam
433 1001 488 1055 ego
507 985 556 1039 vel
575 991 696 1050 sortem,
717 984 853 1054 Tantalo,
873 985 952 1038 malo
972 989 1067 1039 tuam.
1118 988 1121 996 '

238 1075 356 1128 Durum
374 1073 453 1128 ferre
472 1073 555 1129 sitim
575 1074 689 1129 circum
707 1073 889 1130 salientibus
909 1073 1008 1141 nudie,

274 1161 387 1217 Durius
406 1162 437 1215 in
456 1162 554 1217 medio
573 1168 698 1218 nectare
716 1161 796 1218 ferre
816 1161 907 1217 sitim.

280 1359 317 1402 La
331 1359 416 1412 prima
430 1359 546 1403 edizione
561 1359 652 1403 aldina
667 1361 710 1403 dcl
726 1374 779 1403 unu
795 1361 865 1404 delle
885 1360 982 1404 liriche
996 1360 1084 1405 latine
1099 1361 1144 1406 del
1155 1363 1203 1407 Po-

218 1425 314 1469 liziano
329 1438 341 1466 e
358 1427 381 1467 lo
396 1427 540 1470 successive
560 1426 704 1470 intitolano
718 1431 810 1481 questo
825 1429 1002 1482 epigramma:
1025 1428 1064 1470 Ad
1078 1428 1202 1474 Amicam.

216 1495 240 1537 Il
257 1493 307 1536 Del
318 1495 414 1546 Lungo,
429 1492 558 1546 seguendo
570 1494 589 1536 il
601 1492 654 1537 cod.
670 1495 736 1536 laur.
752 1507 790 1545 xo,
802 1495 835 1543 37.
852 1495 878 1538 lo
893 1494 1001 1538 intitold
1016 1495 1055 1536 Aa
1070 1496 1201 1548 chrysoco-

215 1573 286 1604 mum.
302 1558 388 1619 (Proca
402 1561 462 1613 cole.
478 1563 540 1602 idad.
556 1562 661 1612 eccesie
677 1561 721 1604 lat.
736 1572 747 1602 c
762 1564 846 1613 pruche
860 1562 888 1603 di
901 1561 931 1606 A.
947 1563 988 1617 P.,·
1003 1573 1028 1614 p.
1043 1562 1101 1611 144).

686 1756 715 1812 ὀ

685 1848 737 1898 IV.
780 1848 782 1853 ’

580 1990 631 2054 IN
655 1988 828 2056 VIOLAS

442 2094 462 2132 Α
482 2093 607 2133 vnNan
626 2093 685 2133 SUA
704 2092 788 2132 DONO
808 2090 969 2132 Accums

585 2200 747 2255 (Elegiarum
760 2201 827 2252 Lib.)

237 2378 345 2432 Molles
365 2394 382 2431 o
401 2377 510 2444 violae,
531 2376 660 2433 Veneris
679 2376 861 2433 munuscula
879 2383 1014 2447 nostrae,

272 2468 369 2523 Dulce
390 2467 499 2538 quibus
518 2467 597 2522 tanti
615 2466 727 2538 pignus
746 2465 857 2521 amoris
875 2464 966 2534 inest,

236 2556 318 2622 Quae
339 2574 402 2621 voe,
422 2574 499 2628 quae
518 2556 626 2628 genuit
644 2555 759 2611 tellus?
778 2572 838 2626 quo
857 2560 981 2609 nectare
1000 2556 1109 2612 odores

272 2646 455 2716 sparserunt
473 2645 613 2718 Zephyri,
634 2644 734 2699 mollis
756 2650 787 2698 et
805 2661 880 2698 aura
898 2644 1024 2698 comas?

235 2735 296 2789 Vos
316 2752 354 2788 ne
374 2733 405 2787 in
424 2732 561 2788 acidaliis
580 2733 658 2788 aluit
676 2735 780 2788 Venus
800 2748 893 2787 aurea
912 2731 1049 2803 campis?

271 2826 391 2879 Vosne
410 2824 466 2878 sub
486 2821 582 2876 Idalio
602 2822 688 2890 pavit
708 2823 802 2876 Amor
820 2821 967 2875 nemore?

235 2914 292 2969 His
313 2931 367 2985 ego
388 2909 567 2967 crediderim
587 2910 719 2966 citharas
742 2928 849 2965 ornare
872 2909 995 2965 corollis

271 3001 415 3055 Permissi
433 3000 465 3053 in
483 3016 572 3058 roseo
591 2997 726 3070 margine
745 2999 888 3055 Pieridas.

234 3092 302 3145 Hoc
320 3089 393 3144 flore
414 3087 580 3143 ambrosios
599 3087 764 3158 incingitur
783 3090 874 3143 Flora
893 3087 1027 3159 capillos,

270 3181 337 3233 Hoc
357 3177 434 3249 tegit
452 3175 597 3231 indociles
616 3175 723 3231 Gratia
740 3177 852 3231 blanda
870 3177 969 3245 sinus;

234 3268 319 3321 Haec
338 3268 457 3321 Aurora
475 3281 548 3320 suae
566 3261 665 3318 nectit
683 3263 863 3319 redimicula
880 3263 984 3328 fronti,

270 3358 346 3413 Cum
364 3372 487 3410 roseum
505 3371 599 3411 verno
618 3353 723 3425 pandit
742 3354 779 3409 ab
800 3370 855 3408 axe
876 3353 966 3408 diem.

235 3445 359 3501 Talibus
377 3444 581 3516 Hesperidum
600 3442 731 3499 rutilant
749 3441 878 3498 violaria
896 3441 1033 3512 gemmis,

269 3535 410 3590 Floribus
429 3533 477 3588 his
495 3532 612 3606 pictum
630 3530 765 3603 possidet
783 3549 857 3587 aura
875 3546 998 3601 nemus3
