2550 4176
1075 305 1112 360 49

159 402 210 458 Sic
230 404 326 475 magis
345 404 483 462 inclusus
504 405 581 460 furit
599 405 681 461 intra
700 407 858 463 obstacula
876 414 1007 479 torrens;

192 492 268 557 Quae
288 493 315 549 si
332 495 496 561 dimoveas,
515 495 616 551 lenior
634 495 702 550 inde
722 494 806 551 fluet.

154 584 238 650 Quin
259 585 351 640 etiam
369 585 476 641 invisae
495 586 629 657 rupisses
648 585 772 640 vincula
790 585 869 653 vitae,

189 674 333 746 Oonjugis
351 680 387 728 ut
406 692 511 731 manes
529 692 746 747 prosequerere
765 674 845 745 pios;

152 763 208 818 Sed
227 761 390 833 prohibent
408 761 521 819 fratres
541 769 573 818 et
591 763 694 818 blandi
713 781 786 818 cura
805 762 948 833 parentia,

188 853 247 908 Sed
265 852 427 922 prohibent
445 853 522 909 socii
539 861 665 925 pectora
683 853 743 908 fida
755 853 810 909 tui.

152 942 223 995 Jam
242 941 329 1013 virgo
349 942 476 1003 effertur
495 943 581 1015 nigro
602 950 760 1013 composta
777 942 901 1009 feretro,

186 1033 333 1086 Desectas
345 1031 455 1086 humili
472 1032 579 1087 fronde
599 1032 739 1088 revincta
758 1049 867 1087 comas.

152 1119 222 1173 Heu
241 1120 295 1174 ubi
306 1138 388 1176 nunc
408 1121 510 1176 blandi
528 1121 615 1188 risus
635 1121 688 1176 ubi
707 1121 809 1176 dulcia
828 1122 929 1187 verba,

188 1209 264 1274 Quae
282 1216 424 1280 poterant
443 1211 518 1265 ferri
536 1211 678 1282 frangere
699 1211 863 1265 duritiem?

152 1296 281 1351 Lumina
300 1297 435 1353 sidereas
454 1299 507 1353 ubi
521 1316 603 1354 nunc
626 1298 803 1369 torquentia
821 1298 966 1365 flammaS,

184 1388 257 1441 Heu
276 1387 328 1442 ubi
346 1388 485 1459 puniceis
504 1389 624 1443 aemula
642 1387 727 1443 labra
745 1389 841 1444 rosis?

152 1475 232 1529 Proh
251 1476 366 1547 Superi,
387 1477 460 1549 quid
478 1495 539 1532 non
557 1476 674 1532 homini
692 1476 794 1532 brevis
814 1476 905 1547 eripit
918 1477 1011 1532 hora?

186 1564 234 1619 Ah
253 1565 362 1633 miseri,
384 1583 508 1622 somnus
527 1573 559 1622 et
572 1567 650 1622 levis
668 1567 776 1621 umbra
794 1566 916 1622 sumus!

151 1657 216 1711 Non
236 1664 340 1712 tamen
359 1664 414 1713 aut
426 1658 533 1715 niveos
551 1658 650 1729 pallor
668 1664 842 1715 mutaverat
860 1662 953 1724 artus,

185 1749 250 1801 Aut
269 1746 369 1818 gelido
388 1747 500 1803 macies
520 1747 641 1803 sederat
661 1765 714 1802 ore
732 1747 850 1819 gravis:

151 1836 208 1890 Sed
226 1836 360 1891 formosa
379 1838 477 1892 levem
498 1856 578 1893 mors
597 1843 644 1894 est
664 1837 784 1893 imitata
802 1855 948 1908 soporem,

182 1925 214 1980 Is
233 1924 347 1980 nitidos
360 1925 466 1982 vultus
487 1943 601 1997 oraque
620 1926 750 1998 languor
768 1926 875 1981 habet!

150 2012 293 2085 Virginea
311 2015 355 2069 sic
375 2015 456 2071 lecta
475 2033 568 2070 manu
588 2015 750 2070 candentia
769 2016 919 2086 languent

182 2102 323 2175 Liliaque
343 2111 374 2158 et
393 2103 492 2160 niveis
511 2110 597 2160 texta
617 2122 728 2159 corona
747 2104 832 2161 rosis.

149 2192 215 2259 Hic,
236 2210 292 2249 ceu
310 2194 397 2249 nulla
414 2195 498 2266 prius
517 2194 636 2251 fuerint
655 2197 801 2260 lamenta,
821 2202 952 2251 novatur

181 2283 307 2350 Luctus,
328 2289 360 2338 et
378 2282 511 2356 indignis
524 2284 670 2340 imbribus
690 2303 742 2340 ora
760 2286 890 2340 madent.

149 2371 308 2426 Praecedit
322 2372 385 2443 jam
403 2391 513 2444 pompa
531 2373 681 2447 frequens,
697 2373 762 2445 jam
780 2380 896 2429 moesta
908 2376 1048 2430 sacerdos

181 2461 282 2515 Verba
303 2461 395 2530 canit,
415 2462 511 2530 sacris,
528 2462 664 2519 turribus
682 2481 753 2519 aera
772 2469 892 2518 sonant.

149 2548 285 2604 Funerea
305 2548 388 2606 cives
405 2550 517 2621 pullati
535 2557 620 2608 veste
640 2558 819 2624 sequuntur,

179 2640 220 2693 Et
236 2645 385 2710 spargunt
403 2648 525 2696 moestas
545 2658 596 2696 ore
615 2640 754 2695 madente
774 2657 882 2712 genas;

148 2728 307 2800 Densaque
325 2730 409 2799 plebs
429 2730 514 2786 vidui
532 2729 691 2800 deplorant
710 2729 775 2784 fata
794 2730 905 2798 mariti,

179 2821 282 2889 Atque
301 2817 390 2872 illum
409 2818 504 2890 digito
523 2819 749 2891 luminibusque
770 2826 887 2875 notant.

147 2905 168 2960 Ο
187 2913 338 2979 quantum
356 2907 469 2979 impexi
489 2908 587 2965 crines
601 2909 744 2981 oculique
762 2928 916 2983 genaeque

178 2987 286 3051 Noctis
304 2997 431 3053 habent!
450 3005 585 3071 quantus
604 2998 726 3053 nubilat
746 3016 799 3054 ora
818 2999 920 3054 dolor!

147 3085 223 3151 Quid
242 3105 325 3142 nunc
346 3088 490 3160 exequias
510 3089 644 3144 celebres
664 3089 871 3161 opulentaque
889 3089 988 3144 dicam

178 3177 328 3231 Munera?
347 3178 419 3249 quid
437 3178 524 3234 donis
543 3178 658 3250 templa
677 3179 791 3234 referta
809 3179 887 3250 piis?

148 3266 249 3322 Omnis
269 3267 380 3322 ceratis
398 3267 496 3322 radiat
514 3268 670 3325 funalibus
689 3287 748 3336 ara,

176 3354 281 3410 Omnis
302 3355 435 3412 odoratis
454 3356 578 3428 ignibus
597 3376 649 3412 ara
668 3357 759 3413 calet:

147 3442 366 3516 Aeternamque
387 3452 501 3501 canunt
519 3445 653 3519 requiem
671 3446 833 3518 lucemque
853 3447 980 3502 verendi

177 3531 356 3602 Sacricolae,
371 3540 402 3589 et
421 3533 553 3606 lymphis
573 3552 681 3605 corpus
700 3533 789 3589 inane
810 3535 921 3605 rigant.

163 3800 212 3841 t·
224 3799 313 3873 (iosus.
327 3798 386 3844 Ant.
402 3799 467 3843 della
480 3799 555 3844 lirico
569 3800 659 3847 latiae.
