2550 4176
615 454 659 512 11.

366 623 567 691 HYMNUs
588 625 641 691 IN
664 619 902 691 AURORAM

493 763 660 817 (carminum,
678 765 735 811 Lib.
751 764 778 816 1.)

272 923 353 978 Ecce
372 923 410 977 ab
429 928 566 978 extremo
585 923 711 978 veniens
730 924 795 978 Eoo

306 1011 454 1067 Roscidas
472 1014 591 1067 Aurora
609 1010 705 1066 refert
724 1011 893 1083 quadrigae,

308 1101 349 1155 Et
367 1099 437 1155 sinu
455 1101 524 1155 luce
545 1117 632 1155 roseo
651 1099 802 1156 nitentem

695 1189 828 1245 Candida
845 1198 954 1262 portat.

270 1278 326 1343 Ite,
345 1277 494 1346 pallentes
513 1278 666 1342 tenebrae,
686 1279 742 1332 sub
761 1280 880 1346 Orcum,

305 1368 361 1432 Ite,
382 1383 460 1437 quae
479 1371 546 1421 tota
565 1366 640 1420 mihi
658 1374 748 1421 nocte
767 1367 847 1422 diros

304 1455 441 1510 Manium
459 1455 573 1523 vultus
593 1454 668 1509 mihi
687 1455 752 1510 dira
770 1473 891 1526 semper

696 1538 818 1593 Somnia
836 1540 936 1595 fertis

270 1626 315 1681 Da
334 1628 432 1700 lyram
451 1625 522 1693 vati,
542 1644 632 1698 pner3
652 1627 715 1697 ipse
728 1626 819 1683 fiores

307 1716 428 1788 Sparge,
448 1717 520 1771 dum
539 1722 636 1770 canto.
673 1716 757 1770 Bona
775 1716 862 1785 Diva,
883 1717 975 1787 salve,

307 1806 391 1872 Quae
410 1810 464 1859 tuo
484 1804 589 1860 furvas
608 1803 746 1858 radiante
766 1811 863 1860 terras

696 1893 823 1948 Lumine
842 1895 964 1950 lustras

270 1984 318 2039 En
337 1983 394 2038 tibi
412 2000 522 2037 suaves
541 1981 646 2048 violae,
668 1999 858 2054 crocumque,

303 2073 350 2126 En
370 2070 488 2126 odorati
507 2070 643 2125 calathos
662 2070 786 2125 amomi:

303 2160 413 2232 Surgit,
434 2167 465 2215 et
483 2164 602 2215 nostros
621 2158 679 2214 tibi
696 2159 795 2215 dulcis
814 2178 888 2214 aura

657 2317 661 2323 ν
694 2249 801 2303 Portat
820 2250 936 2304 odores.

268 2339 395 2395 Deferat
413 2338 519 2393 laudes
538 2336 658 2392 utinam
676 2354 852 2410 precesque,

304 2428 386 2494 Quas
405 2426 462 2481 tibi
480 2427 609 2498 supplex
626 2444 694 2480 mea
713 2426 801 2481 Musa
819 2426 929 2496 fundit,

303 2517 375 2571 Jam
392 2515 442 2587 pio
461 2522 584 2570 sanctos
603 2517 679 2570 bene
698 2517 789 2571 docta
807 2515 902 2572 Divos

693 2604 814 2660 Tollere
835 2597 935 2660 cantu.

269 2693 345 2760 Quis
364 2700 449 2748 tuam
467 2692 557 2764 digne
577 2693 729 2748 celebrare
750 2693 853 2748 lucem

304 2783 414 2849 Possit,
435 2801 452 2838 o
471 2783 567 2837 almae
586 2782 721 2853 genitrix
740 2782 822 2837 diei?

304 2875 381 2941 Quis
399 2881 485 2929 tuam
503 2874 639 2942 formam,
660 2891 677 2928 o
696 2874 771 2943 Dea,
789 2880 861 2928 ante
881 2873 991 2953 Dives

692 2962 853 3018 Pulchrior
872 2965 999 3020 omnes?

271 3054 313 3109 Ut
331 3071 424 3124 genas
444 3053 529 3107 coelo
549 3070 659 3118 roseae,
680 3069 856 3123 comamque

302 3145 435 3198 Auream
454 3141 582 3211 profers,
601 3140 658 3195 tibi
676 3139 763 3196 fulva
782 3141 895 3196 cedunt

303 3228 402 3292 Astra,
423 3225 543 3280 decedit
562 3225 709 3279 rutilante
728 3224 811 3281 victa

692 3308 780 3360 Luna
799 3307 916 3363 decore.
962 3321 965 3329 ·

268 3390 309 3446 'Pe
330 3391 395 3446 sine
415 3397 540 3447 aeterna
555 3391 678 3462 jaceant
702 3391 814 3462 sepulti

302 3478 399 3531 Nocte
420 3477 578 3546 mortales;
598 3476 663 3530 sine
683 3482 713 3530 te
733 3494 789 3530 nec
808 3476 890 3531 ullus

303 3561 349 3615 Sit
367 3563 451 3615 color
470 3563 568 3626 rebus,
588 3578 687 3632 neque
706 3560 771 3617 vita
790 3560 894 3614 doctas

692 3649 785 3705 Culta
801 3666 856 3719 per
874 3655 966 3704 artes.
