2550 4176
1023 333 1074 387 125

153 443 247 511 Tolle,
266 459 349 512 puer,
369 441 472 507 vittas,
492 448 583 514 atque
603 441 633 496 in
655 460 700 496 me
721 441 838 499 lumina
856 441 949 507 solve,

151 528 265 598 Nempe
286 533 318 581 et
336 526 450 582 amabis
470 527 562 582 Amor
582 527 741 597 pulchram
760 525 923 597 cupiesque
943 523 1071 595 Cupide.

149 618 220 687 Ipsa
238 616 295 671 tibi
314 621 445 684 tenuem,
465 634 526 688 qua
545 615 648 687 cingas
668 620 812 687 tempora,
832 613 943 669 vittam

151 705 172 760 J
173 709 360 759 ntertextam
379 721 461 770 auro,
480 709 513 758 et
531 703 616 758 molli
634 704 779 777 bombyce
800 703 919 758 laboro:

148 792 255 848 Pictus
273 792 326 847 ubi
344 793 504 848 Narcissus
522 793 595 856 hiat,
616 793 760 851 Meander
781 793 910 847 oberrat.

152 879 212 935 Hic
233 899 287 952 ego
307 886 337 935 te
357 881 434 935 latas
453 887 559 947 terras»,
579 886 670 952 atque
690 882 752 937 alta
771 882 878 936 volatu

151 967 262 1022 Nubila
280 974 455 1023 tranantem
475 969 564 1039 fingo,
586 974 617 1023 et
636 967 730 1023 maria
749 968 808 1023 uda
827 974 994 1023 secantem.

152 1056 270 1125 Cuncta
288 1056 346 1112 tibi
364 1057 491 1127 imperia
510 1057 698 1127 subdentem,
717 1057 929 1129 hominesque,
949 1058 1090 1129 ferasque

149 1148 189 1200 Et
207 1146 306 1216 pictas
325 1147 471 1212 volucres,
492 1152 522 1200 et
541 1165 617 1219 quae
639 1154 715 1201 nant
735 1165 864 1217 aequore
886 1153 1028 1202 monstra.

149 1235 213 1290 Diis
231 1253 350 1307 quoque
371 1252 428 1290 nec
448 1235 559 1306 parcis:
581 1254 671 1291 curru
691 1254 744 1290 rex
763 1235 906 1306 Juppiter
925 1253 1017 1290 aureo

148 1323 315 1391 Invehitur,
336 1324 455 1380 cinctus
474 1325 617 1381 humeros
637 1332 667 1380 et
686 1325 811 1380 brachia
828 1324 918 1380 ferre.

147 1414 230 1479 Quos
252 1413 333 1468 inter
352 1420 405 1468 tna
424 1415 541 1486 Psyche
563 1414 656 1470 etiam
675 1414 803 1486 religata
823 1415 940 1470 catenis

147 1506 188 1559 Et
206 1523 346 1560 moerens
366 1504 570 1578 sequiturque
590 1512 660 1562 tuos
681 1506 802 1577 captiva
820 1506 1001 1576 triumphos.

562 1831 597 1883 V.

321 1982 473 2050 BACOO
498 1984 842 2054 OONOILIATORI

351 2125 428 2180 (Dial.
445 2127 475 2170 de
497 2127 690 2179 intellectione,
707 2127 763 2171 Lib.
777 2128 804 2181 ι.)

212 2286 296 2341 Mero
316 2285 472 2341 madentes
491 2286 575 2358 largo
596 2293 628 2340 et
646 2285 787 2341 edacibus

246 2375 334 2431 Curis
353 2375 456 2443 soluti,
475 2377 547 2431 dum
566 2374 623 2430 tibi
642 2374 799 2430 candidam

245 2465 367 2529 Lucem,
387 2467 527 2529 Deorum,
547 2463 694 2530 ducimus,
715 2463 826 2534 optime

248 2553 376 2618 Bacche,
396 2570 451 2608 seu
470 2553 636 2626 Dionysius

209 2656 306 2711 Mavis
325 2655 440 2722 vocari,
461 2672 514 2711 sou
534 2655 630 2726 magis
648 2654 753 2721 Evina,

246 2745 305 2800 Seu
325 2750 360 2800 tu
379 2745 508 2816 Lyaeus
529 2762 584 2801 seu
602 2744 745 2800 Bromius
764 2745 868 2816 magia,

245 2834 384 2901 Liberve,
404 2835 586 2905 Jacchusve,
608 2841 662 2891 aut
681 2834 799 2891 Semele
819 2842 904 2892 satus

242 2924 283 2977 Et
301 2923 404 2993 magni
422 2923 542 2979 soboles
565 2925 586 2980 J
588 2924 670 2995 ovis;

206 3026 304 3099 Adsis
323 3028 483 3098 Bassareu,
504 3027 640 3083 laetitiae
662 3028 758 3097 dator,

248 3114 351 3170 Adsis:
374 3114 510 3171 furentes
531 3123 579 3171 ast
597 3134 651 3188 age
670 3118 832 3175 Maenadas

244 3201 280 3256 In
295 3203 368 3274 juga
387 3203 498 3258 crebris
516 3204 622 3259 Indica
640 3205 792 3276 tympanis

242 3291 371 3357 Resona,
392 3297 485 3364 atque
506 3293 686 3350 ululatibus.

208 3394 330 3465 Lyncae
350 3411 407 3449 nec
426 3411 511 3451 acres
531 3395 654 3466 advehe,
674 3413 735 3452 neu
755 3415 828 3469 gere
900 3410 903 3416 ’

242 3482 381 3553 Thyrsos,
401 3490 566 3538 venustum
585 3502 642 3539 nec
663 3491 732 3557 tege
752 3487 868 3543 casside

240 3571 393 3625 Horrente
406 3571 535 3637 vultum,
555 3572 606 3626 sed
626 3578 732 3628 tenero
752 3575 825 3632 veni

246 3661 372 3719 (linctus
393 3682 509 3722 cornua
527 3667 683 3739 pampino:
