2550 4176
586 476 618 516 11.

168 603 236 657 Nox
254 602 340 668 bona,
360 620 437 674 quae
457 601 560 657 tacitis
580 609 675 657 terras
694 603 835 674 amplexa
853 603 990 659 tenebris

202 691 314 747 Dulcia
328 691 485 762 jucundae
505 691 588 746 furta
607 692 687 763 tegis
700 693 838 748 Veneris.

168 783 250 836 Dum
268 798 395 851 propero
416 781 447 835 in
468 798 554 834 carae
574 783 732 851 amplexus
751 789 783 837 et
802 782 906 837 mollia
925 783 1055 856 Hyellae

205 871 324 936 Oscula,
343 875 379 924 tu
398 875 503 923 nostra
522 870 563 926 sis
583 888 684 925 comes
703 891 764 926 una
777 871 856 927 viae.

168 960 251 1015 Neve
270 960 380 1033 aliquis
399 968 519 1018 nostros
538 962 635 1034 possit
654 963 840 1034 deprendere
860 981 985 1030 amores,

205 1051 286 1106 Aera
305 1070 378 1122 coge
398 1057 479 1107 atras
499 1052 622 1107 densius
636 1051 667 1106 in
686 1053 822 1107 nebulas

168 1141 287 1196 Gaudia
305 1141 358 1213 qui
377 1142 475 1196 credit
494 1142 637 1213 cuiquam
656 1160 721 1210 sua,
742 1141 859 1213 dignus,
880 1148 915 1196 ut
935 1160 1070 1214 unquam

203 1228 308 1284 Dicier
327 1228 411 1284 illius
429 1229 516 1284 nulla
534 1229 638 1300 puella
657 1230 742 1285 velit.

168 1319 236 1373 Non
253 1318 319 1373 sola
337 1319 520 1372 occultanda
539 1319 623 1374 cavis
643 1327 716 1374 sunt
736 1320 820 1388 orgia
840 1319 933 1387 cistis,

205 1406 313 1462 Solavc
333 1405 496 1462 Eleusinae
517 1424 603 1462 sacra
622 1408 739 1463 silenda
757 1411 848 1464 Deae.

168 1495 237 1566 Ipse
258 1494 351 1550 etiam
369 1513 425 1550 sua
444 1495 536 1550 celari
555 1496 623 1552 vult
641 1497 724 1551 furta
743 1497 857 1565 Cupido

205 1585 333 1656 Saepius
351 1592 383 1641 et
402 1603 515 1656 poenas
534 1586 656 1657 garrula
674 1586 779 1658 lingna
797 1587 888 1643 dedit.

167 1675 238 1730 Una
258 1691 350 1740 mooe,
372 1692 447 1746 quos
466 1681 499 1729 et
519 1674 662 1730 miserata
681 1682 737 1744 est,
759 1676 847 1731 novit
865 1694 982 1732 amores

204 1761 317 1818 Officiis
335 1762 440 1818 nutrix
461 1763 584 1835 cognita
602 1765 662 1818 fida
681 1765 752 1820 suis.

168 1852 254 1906 Haec
273 1869 349 1923 quae
370 1869 418 1906 me
437 1851 554 1908 foribus
573 1852 704 1923 vigilans
723 1859 867 1925 expectat
886 1853 917 1908 in
937 1854 1016 1924 ipsis,

203 1941 301 2012 Inque
321 1940 422 1994 sinum
441 1940 579 1995 dominae
600 1943 707 1998 sedula
725 1943 811 1997 ducit
829 1961 913 1998 anus.

167 2030 255 2083 Hanc
269 2034 400 2099 praeter,
422 2036 465 2097 tu,
479 2036 593 2095 sancta,
607 2031 705 2085 latent
724 2050 784 2103 qua
798 2039 910 2086 cuncta
922 2030 1075 2104 silentque

205 2119 259 2184 Tu,
279 2122 351 2185 Dea,
372 2117 413 2173 sis
431 2117 570 2175 flammae
592 2120 713 2174 conscia
732 2121 796 2173 sola
815 2138 910 2190 meae,

168 2214 315 2282 Quaeque
335 2213 432 2268 libens
452 2219 533 2268 astat
551 2220 725 2270 nostrorum
738 2216 833 2298 ¹testis
852 2234 989 2271 amorum

203 2303 368 2359 Nobiscum
388 2310 453 2359 tota
473 2311 563 2360 nocte
582 2306 709 2361 lucerna
728 2306 810 2378 vigil.

576 2517 621 2557 111.

237 2648 332 2702 Beate
351 2664 464 2713 somne,
483 2651 574 2701 nocte
593 2644 646 2714 qui
663 2645 807 2700 hesterna
825 2644 900 2700 mihi

273 2739 332 2793 Tot
350 2736 485 2792 attulisti
503 2735 620 2808 gaudia,

237 2827 364 2882 Utinam
383 2829 514 2882 Deorum
533 2832 634 2880 rector
652 2824 703 2879 ille
726 2824 869 2880 coelitum

275 2917 317 2971 Te
337 2933 354 2970 e
375 2922 464 2971 coetu
485 2932 589 2970 eorum
607 2913 734 2984 miserit,

238 3004 322 3070 Quae
342 3004 462 3074 saepius
480 3002 660 3058 mortalibus
680 3020 752 3058 vera
771 3003 906 3059 assolent

275 3092 359 3148 Mitti
376 3092 476 3147 futuri
493 3091 610 3146 nuntia.

241 3183 295 3248 Tu,
315 3199 391 3254 quae
412 3180 530 3235 furenti
548 3179 669 3235 surdior
686 3181 767 3235 freto
787 3197 869 3236 meas

273 3271 406 3341 Superba
426 3269 598 3325 contemnis
616 3287 730 3339 preces

239 3360 373 3416 Facilem
392 3361 540 3415 Neaeram
559 3359 734 3431 praebuisti,
754 3359 828 3430 quin
847 3358 921 3413 mihi

274 3449 358 3505 Mille
378 3448 491 3505 obtulit
510 3454 619 3519 sponte
638 3448 750 3512 oscula,

243 3539 354 3595 Oscula
372 3556 448 3610 quae
469 3537 610 3610 Hymetti
628 3537 765 3593 dulciora
783 3535 846 3592 sint
863 3535 943 3592 favis

278 3627 361 3693 Quae
377 3627 519 3684 suaviora
537 3631 670 3684 nectare.

147 3851 198 3892 9-
212 3850 299 3895 Oeam.
313 3849 372 3896 Ant.
390 3852 456 3897 della
471 3853 549 3899 lirica
564 3854 659 3900 latino.
