2550 4176
214 423 355 496 Unisque
374 430 537 481 ventorum
556 422 667 479 duellis
687 439 821 493 aequora

252 515 425 581 Metuenda,
445 533 506 569 non
524 512 632 569 Martis
651 513 738 568 dolis.

212 605 257 660 Ut
277 622 363 658 omne
383 605 481 659 telum
500 610 614 674 pereat,
634 612 670 659 ut
691 603 852 675 chalybum
872 619 969 672 genus

247 694 338 748 Haud
356 693 531 749 nominetur
550 693 687 764 amplius.

213 782 258 838 Ut
276 800 381 853 regum
400 783 544 840 avarities
563 788 595 837 et
613 780 738 856 ambitio
758 780 910 850 impotens

247 871 372 940 Sepulta
391 871 431 927 sit
451 873 507 927 sub
527 889 666 943 aequore.

213 960 347 1015 Absente
367 969 407 1029 te,
427 961 480 1017 vix
498 961 607 1015 uberes
627 961 717 1014 alunt
736 957 801 1029 agri

248 1049 420 1120 Numquam
440 1051 582 1105 colonum
602 1048 748 1104 desidem:

211 1136 376 1193 Praesente
397 1157 482 1207 vero,
501 1139 583 1193 nuda
601 1155 676 1194 saxa
694 1136 746 1208 qui
767 1136 841 1191 colit

247 1228 304 1282 Vel
322 1229 472 1284 dormiens
490 1228 577 1284 bonis
596 1225 673 1283 fluit.

212 1316 258 1371 'Pu
276 1324 363 1388 grata
381 1318 484 1383 Musis,
503 1324 538 1372 tu
558 1316 590 1370 in
608 1316 675 1371 foro
695 1316 888 1371 versantibus

245 1408 353 1462 Places
371 1413 403 1462 et
422 1408 492 1463 urbi
510 1407 671 1478 praesides

210 1496 257 1550 nu
277 1514 376 1552 merce
396 1497 599 1568 transmarina
617 1514 689 1567 opes
708 1495 885 1567 parantibus

244 1590 324 1644 Voto
344 1588 496 1646 invocaris
516 1588 647 1659 publico.

210 1677 253 1732 'l'e
272 1677 392 1743 divitae,
413 1684 443 1732 te
466 1677 577 1749 ubique
597 1695 764 1749 pauperum
783 1693 890 1747 greges

244 1767 401 1823 Laboriosi
419 1769 606 1837 praedicant,

182 1863 186 1872 '
210 1856 277 1911 Tibi
294 1857 361 1923 viri,
381 1858 438 1913 tibi
456 1858 584 1929 pudicae
602 1857 748 1913 mulieres

243 1946 490 2018 Praegestientes
508 1947 693 2019 supplicant.

210 2036 269 2091 Tui
288 2055 384 2103 aenea,
405 2039 453 2094 tui
471 2039 557 2110 pueri
577 2035 785 2105 amantissimi,

245 2127 301 2181 Tui
322 2126 419 2181 omnis
440 2134 524 2182 aetas
544 2133 696 2198 uppetona,

211 2215 264 2280 Tu,
285 2215 385 2287 siquid
405 2223 453 2271 est
472 2215 651 2271 mortalibus
669 2215 741 2270 boni
760 2213 886 2285 uspiam,

243 2305 278 2358 Id
296 2324 357 2360 una
376 2306 463 2361 nobis
483 2323 645 2376 comparas.

207 2393 253 2447 'Pu
271 2395 435 2450 sanitatem
453 2395 606 2466 gentibus,
626 2411 772 2466 sacraque
792 2400 823 2448 et
843 2410 923 2465 opeS,

241 2485 281 2536 Et
300 2482 419 2539 victum
439 2490 470 2539 et
489 2501 641 2539 annonam
661 2489 695 2538 etv
712 2500 837 2548 merum,

206 2571 416 2640 Securitatem,
435 2573 541 2628 literas
561 2579 592 2627 et
612 2572 718 2640 otium,

241 2661 282 2716 Et
300 2661 424 2733 nuptias
443 2668 473 2716 et
491 2662 611 2731 liberos,

202 2749 368 2821 Vitamque
387 2752 509 2806 tandem
528 2750 618 2806 affers
637 2749 736 2806 amica
755 2749 905 2818 cantibuS,

203 2884 205 2888 Α
241 2840 377 2895 Adversa
396 2859 469 2897 vero
487 2841 631 2897 luctibus.

206 2928 265 2983 Tui
282 2928 373 2985 simul
393 2930 473 2986 Mars
492 2930 630 2986 hauserit
648 2930 734 3002 pedis
754 2946 872 2998 sonum,

239 3018 386 3074 Facessat
404 3020 475 3075 hino
496 3020 682 3076 celerrimus

205 3106 300 3162 Simul
319 3107 481 3180 quiescunt
499 3109 591 3177 furta,
611 3110 725 3175 caedes
744 3109 880 3175 vulnera,

238 3197 368 3268 Strages
389 3199 504 3265 ruinae,
524 3198 675 3267 incendia,

204 3285 263 3339 Tot
281 3286 438 3356 orbitates,
459 3287 627 3342 liberorum
646 3294 694 3342 tot
711 3293 825 3358 stupra,

240 3374 405 3448 Crebrique
424 3384 529 3448 raptus
548 3376 708 3449 virginum.
785 3437 787 3440 Α

202 3465 266 3520 Neo
285 3465 428 3521 audietur
447 3467 575 3539 amplius
595 3468 719 3538 clangor
737 3467 828 3522 tubae

238 3555 327 3613 Viros
346 3555 455 3613 cientis
474 3558 511 3613 ad
530 3574 645 3623 necem,
