<?xml version="1.0" encoding="UTF-8"?>
<!DOCTYPE html PUBLIC "-//W3C//DTD XHTML 1.0 Transitional//EN"
    "http://www.w3.org/TR/xhtml1/DTD/xhtml1-transitional.dtd">
<html xmlns="http://www.w3.org/1999/xhtml" xml:lang="en" lang="en">
 <head>
  <title>
</title>
<meta http-equiv="Content-Type" content="text/html;charset=utf-8" />
  <meta name='ocr-system' content='tesseract 3.04.00' />
  <meta name='ocr-capabilities' content='ocr_page ocr_carea ocr_par ocr_line ocrx_word'/>
</head>
<body>
  <div class='ocr_page' id='page_1' title='image "./antologiadellal00costgoog_0085.png"; bbox 0 0 2550 4176; ppageno 0'>
   <div class='ocr_carea' id='block_1_1' title="bbox 264 301 300 359">
    <p class='ocr_par' dir='ltr' id='par_1_1' title="bbox 264 301 300 359">
     <span class='ocr_line' id='line_1_1' title="bbox 264 301 300 359; baseline -0.139 0"><span class='ocrx_word' id='word_1_1' title='bbox 264 301 300 359; x_wconf 76' lang='lat'>34</span> 
     </span>
    </p>
   </div>
   <div class='ocr_carea' id='block_1_2' title="bbox 269 403 1161 3579">
    <p class='ocr_par' dir='ltr' id='par_1_2' title="bbox 280 403 1043 565">
     <span class='ocr_line' id='line_1_2' title="bbox 280 403 1043 477; baseline -0.007 -14"><span class='ocrx_word' id='word_1_2' title='bbox 280 409 369 463; x_wconf 88' lang='lat' dir='ltr'>Nunc</span> <span class='ocrx_word' id='word_1_3' title='bbox 389 424 443 476; x_wconf 86' lang='lat' dir='ltr'>ego</span> <span class='ocrx_word' id='word_1_4' title='bbox 464 405 588 461; x_wconf 80' lang='lat' dir='ltr'>Medeae</span> <span class='ocrx_word' id='word_1_5' title='bbox 607 422 667 477; x_wconf 89' lang='lat' dir='ltr'>quo</span> <span class='ocrx_word' id='word_1_6' title='bbox 686 403 768 475; x_wconf 88' lang='lat' dir='ltr'>fugit</span> <span class='ocrx_word' id='word_1_7' title='bbox 785 405 900 460; x_wconf 86' lang='lat' dir='ltr'>Jasona</span> <span class='ocrx_word' id='word_1_8' title='bbox 919 421 1043 459; x_wconf 88' lang='lat' dir='ltr'>currum</span> 
     </span>
     <span class='ocr_line' id='line_1_3' title="bbox 316 492 983 565; baseline -0.007 -14"><span class='ocrx_word' id='word_1_9' title='bbox 316 494 460 565; x_wconf 88' lang='lat' dir='ltr'>Optarim,</span> <span class='ocrx_word' id='word_1_10' title='bbox 479 493 613 548; x_wconf 87' lang='lat' dir='ltr'>volucris</span> <span class='ocrx_word' id='word_1_11' title='bbox 634 492 872 563; x_wconf 73' lang='lat' dir='ltr'>Triptolemique</span> <span class='ocrx_word' id='word_1_12' title='bbox 892 498 983 547; x_wconf 89' lang='lat' dir='ltr'>rotas.</span> 
     </span>
    </p>

    <p class='ocr_par' dir='ltr' id='par_1_3' title="bbox 279 578 1133 738">
     <span class='ocr_line' id='line_1_4' title="bbox 279 578 1133 650; baseline -0.005 -12"><span class='ocrx_word' id='word_1_13' title='bbox 279 583 404 638; x_wconf 76' lang='lat' dir='ltr'>Scilicet</span> <span class='ocrx_word' id='word_1_14' title='bbox 422 588 457 635; x_wconf 86' lang='lat' dir='ltr'>ut</span> <span class='ocrx_word' id='word_1_15' title='bbox 476 580 623 635; x_wconf 88' lang='lat' dir='ltr'>Dominae</span> <span class='ocrx_word' id='word_1_16' title='bbox 644 579 745 635; x_wconf 89' lang='lat' dir='ltr'>subito</span> <span class='ocrx_word' id='word_1_17' title='bbox 765 578 969 650; x_wconf 84' lang='lat' dir='ltr'>improvvisus</span> <span class='ocrx_word' id='word_1_18' title='bbox 987 579 1133 648; x_wconf 88' lang='lat' dir='ltr'>adessem,</span> 
     </span>
     <span class='ocr_line' id='line_1_5' title="bbox 314 666 989 738; baseline -0.004 -13"><span class='ocrx_word' id='word_1_19' title='bbox 314 672 449 725; x_wconf 77' lang='lat' dir='ltr'>Duceret</span> <span class='ocrx_word' id='word_1_20' title='bbox 468 667 602 738; x_wconf 87' lang='lat' dir='ltr'>ingratas</span> <span class='ocrx_word' id='word_1_21' title='bbox 621 685 684 723; x_wconf 91' lang='lat' dir='ltr'>non</span> <span class='ocrx_word' id='word_1_22' title='bbox 702 667 753 724; x_wconf 85' lang='lat' dir='ltr'>via</span> <span class='ocrx_word' id='word_1_23' title='bbox 770 666 861 738; x_wconf 89' lang='lat' dir='ltr'>longa</span> <span class='ocrx_word' id='word_1_24' title='bbox 879 685 989 723; x_wconf 90' lang='lat' dir='ltr'>moras.</span> 
     </span>
    </p>

    <p class='ocr_par' dir='ltr' id='par_1_4' title="bbox 279 757 1141 916">
     <span class='ocr_line' id='line_1_6' title="bbox 279 757 1141 830; baseline 0 -17"><span class='ocrx_word' id='word_1_25' title='bbox 279 760 346 825; x_wconf 83' lang='lat' dir='ltr'>Quo</span> <span class='ocrx_word' id='word_1_26' title='bbox 366 776 502 830; x_wconf 86' lang='lat' dir='ltr'>propero,</span> <span class='ocrx_word' id='word_1_27' title='bbox 524 757 653 812; x_wconf 82' lang='lat' dir='ltr'>infelix?</span> <span class='ocrx_word' id='word_1_28' title='bbox 671 775 835 828; x_wconf 87' lang='lat' dir='ltr'>pergamne</span> <span class='ocrx_word' id='word_1_29' title='bbox 852 774 906 827; x_wconf 93' lang='lat' dir='ltr'>per</span> <span class='ocrx_word' id='word_1_30' title='bbox 923 774 1031 828; x_wconf 85' lang='lat' dir='ltr'>aspera</span> <span class='ocrx_word' id='word_1_31' title='bbox 1049 758 1141 814; x_wconf 81' lang='lat' dir='ltr'>saxa?</span> 
     </span>
     <span class='ocr_line' id='line_1_7' title="bbox 313 844 988 916; baseline -0.003 -16"><span class='ocrx_word' id='word_1_32' title='bbox 313 847 371 901; x_wconf 88' lang='lat' dir='ltr'>Per</span> <span class='ocrx_word' id='word_1_33' title='bbox 389 844 503 916; x_wconf 85' lang='lat' dir='ltr'>gelidas</span> <span class='ocrx_word' id='word_1_34' title='bbox 522 844 615 915; x_wconf 87' lang='lat' dir='ltr'>Alpes</span> <span class='ocrx_word' id='word_1_35' title='bbox 635 851 860 916; x_wconf 88' lang='lat' dir='ltr'>perpetuasque</span> <span class='ocrx_word' id='word_1_36' title='bbox 880 844 988 900; x_wconf 81' lang='lat' dir='ltr'>nives?</span> 
     </span>
    </p>

    <p class='ocr_par' dir='ltr' id='par_1_5' title="bbox 277 933 1112 1449">
     <span class='ocr_line' id='line_1_8' title="bbox 279 933 1112 1006; baseline 0 -16"><span class='ocrx_word' id='word_1_37' title='bbox 279 938 368 1003; x_wconf 83' lang='lat' dir='ltr'>Quod</span> <span class='ocrx_word' id='word_1_38' title='bbox 386 937 414 990; x_wconf 93' lang='lat' dir='ltr'>si</span> <span class='ocrx_word' id='word_1_39' title='bbox 433 937 587 990; x_wconf 90' lang='lat' dir='ltr'>latronum</span> <span class='ocrx_word' id='word_1_40' title='bbox 607 940 749 989; x_wconf 87' lang='lat' dir='ltr'>occurrat</span> <span class='ocrx_word' id='word_1_41' title='bbox 769 952 876 990; x_wconf 90' lang='lat' dir='ltr'>manus</span> <span class='ocrx_word' id='word_1_42' title='bbox 895 934 995 1006; x_wconf 82' lang='lat' dir='ltr'>impia,</span> <span class='ocrx_word' id='word_1_43' title='bbox 1016 933 1112 1005; x_wconf 80' lang='lat' dir='ltr'><strong>raptis</strong></span> 
     </span>
     <span class='ocr_line' id='line_1_9' title="bbox 315 1023 1013 1095; baseline -0.003 -15"><span class='ocrx_word' id='word_1_44' title='bbox 315 1024 459 1080; x_wconf 78' lang='lat' dir='ltr'>Vestibus</span> <span class='ocrx_word' id='word_1_45' title='bbox 478 1023 590 1077; x_wconf 91' lang='lat' dir='ltr'>immiti</span> <span class='ocrx_word' id='word_1_46' title='bbox 608 1039 685 1095; x_wconf 89' lang='lat' dir='ltr'>quae</span> <span class='ocrx_word' id='word_1_47' title='bbox 703 1029 790 1093; x_wconf 88' lang='lat' dir='ltr'>petat</span> <span class='ocrx_word' id='word_1_48' title='bbox 809 1039 879 1078; x_wconf 87' lang='lat' dir='ltr'>ense</span> <span class='ocrx_word' id='word_1_49' title='bbox 900 1023 1013 1094; x_wconf 82' lang='lat' dir='ltr'>caput?</span> 
     </span>
     <span class='ocr_line' id='line_1_10' title="bbox 279 1112 1101 1184; baseline -0.001 -14"><span class='ocrx_word' id='word_1_50' title='bbox 279 1116 342 1170; x_wconf 86' lang='lat' dir='ltr'>Aut</span> <span class='ocrx_word' id='word_1_51' title='bbox 360 1130 520 1168; x_wconf 87' lang='lat' dir='ltr'>nemorum</span> <span class='ocrx_word' id='word_1_52' title='bbox 539 1112 674 1184; x_wconf 81' lang='lat' dir='ltr'>latebris,</span> <span class='ocrx_word' id='word_1_53' title='bbox 694 1119 747 1168; x_wconf 86' lang='lat' dir='ltr'>aut</span> <span class='ocrx_word' id='word_1_54' title='bbox 766 1112 829 1166; x_wconf 87' lang='lat' dir='ltr'>alto</span> <span class='ocrx_word' id='word_1_55' title='bbox 848 1118 952 1167; x_wconf 89' lang='lat' dir='ltr'>monte</span> <span class='ocrx_word' id='word_1_56' title='bbox 972 1119 1101 1170; x_wconf 85' lang='lat' dir='ltr'>ruentes</span> 
     </span>
     <span class='ocr_line' id='line_1_11' title="bbox 313 1201 1055 1258; baseline -0.001 -1"><span class='ocrx_word' id='word_1_57' title='bbox 313 1203 491 1258; x_wconf 87' lang='lat' dir='ltr'>Dilacerent</span> <span class='ocrx_word' id='word_1_58' title='bbox 509 1201 631 1257; x_wconf 89' lang='lat' dir='ltr'>rabidae</span> <span class='ocrx_word' id='word_1_59' title='bbox 650 1203 787 1257; x_wconf 88' lang='lat' dir='ltr'>membra</span> <span class='ocrx_word' id='word_1_60' title='bbox 806 1208 932 1257; x_wconf 89' lang='lat' dir='ltr'>cruenta</span> <span class='ocrx_word' id='word_1_61' title='bbox 951 1201 1055 1257; x_wconf 81' lang='lat' dir='ltr'>ferae?</span> 
     </span>
     <span class='ocr_line' id='line_1_12' title="bbox 277 1288 1091 1359; baseline 0.001 -13"><span class='ocrx_word' id='word_1_62' title='bbox 277 1291 425 1346; x_wconf 86' lang='lat' dir='ltr'>Novimus</span> <span class='ocrx_word' id='word_1_63' title='bbox 444 1289 595 1346; x_wconf 87' lang='lat' dir='ltr'>infaustos</span> <span class='ocrx_word' id='word_1_64' title='bbox 615 1306 712 1356; x_wconf 79' lang='lat' dir='ltr'>casus,</span> <span class='ocrx_word' id='word_1_65' title='bbox 732 1288 907 1344; x_wconf 86' lang='lat' dir='ltr'>discrimina</span> <span class='ocrx_word' id='word_1_66' title='bbox 925 1297 1091 1359; x_wconf 84' lang='lat' dir='ltr'>amantum,</span> 
     </span>
     <span class='ocr_line' id='line_1_13' title="bbox 313 1377 949 1449; baseline 0 -15"><span class='ocrx_word' id='word_1_67' title='bbox 313 1380 390 1434; x_wconf 82' lang='lat' dir='ltr'>Fata</span> <span class='ocrx_word' id='word_1_68' title='bbox 409 1380 532 1434; x_wconf 89' lang='lat' dir='ltr'>obstant</span> <span class='ocrx_word' id='word_1_69' title='bbox 550 1379 641 1433; x_wconf 85' lang='lat' dir='ltr'>laetis</span> <span class='ocrx_word' id='word_1_70' title='bbox 660 1378 765 1434; x_wconf 82' lang='lat' dir='ltr'>invida</span> <span class='ocrx_word' id='word_1_71' title='bbox 782 1377 949 1449; x_wconf 88' lang='lat' dir='ltr'>principiis.</span> 
     </span>
    </p>

    <p class='ocr_par' dir='ltr' id='par_1_6' title="bbox 277 1466 1161 1626">
     <span class='ocr_line' id='line_1_14' title="bbox 277 1466 1161 1540; baseline 0.003 -19"><span class='ocrx_word' id='word_1_72' title='bbox 277 1469 425 1540; x_wconf 80' lang='lat' dir='ltr'><strong>Pyramus</strong></span> <span class='ocrx_word' id='word_1_73' title='bbox 446 1467 622 1537; x_wconf 86' lang='lat' dir='ltr'>exemplum</span> <span class='ocrx_word' id='word_1_74' title='bbox 640 1468 764 1536; x_wconf 82' lang='lat' dir='ltr'>praebet</span> <span class='ocrx_word' id='word_1_75' title='bbox 783 1466 1013 1539; x_wconf 87' lang='lat' dir='ltr'>miserandaque</span> <span class='ocrx_word' id='word_1_76' title='bbox 1033 1468 1161 1540; x_wconf 79' lang='lat' dir='ltr'>Thysbe,</span> 
     </span>
     <span class='ocr_line' id='line_1_15' title="bbox 313 1555 999 1626; baseline -0.001 -14"><span class='ocrx_word' id='word_1_77' title='bbox 313 1557 396 1622; x_wconf 83' lang='lat' dir='ltr'>Quos</span> <span class='ocrx_word' id='word_1_78' title='bbox 415 1556 518 1626; x_wconf 80' lang='lat' dir='ltr'>rapuit</span> <span class='ocrx_word' id='word_1_79' title='bbox 536 1555 630 1612; x_wconf 85' lang='lat' dir='ltr'>simili</span> <span class='ocrx_word' id='word_1_80' title='bbox 648 1573 728 1611; x_wconf 89' lang='lat' dir='ltr'>mors</span> <span class='ocrx_word' id='word_1_81' title='bbox 748 1555 885 1612; x_wconf 89' lang='lat' dir='ltr'>violenta</span> <span class='ocrx_word' id='word_1_82' title='bbox 903 1555 999 1611; x_wconf 90' lang='lat' dir='ltr'>modo.</span> 
     </span>
    </p>

    <p class='ocr_par' dir='ltr' id='par_1_7' title="bbox 278 1643 1076 1801">
     <span class='ocr_line' id='line_1_16' title="bbox 278 1643 1076 1715; baseline 0.003 -16"><span class='ocrx_word' id='word_1_83' title='bbox 278 1644 378 1699; x_wconf 81' lang='lat' dir='ltr'>&#39;Pestis</span> <span class='ocrx_word' id='word_1_84' title='bbox 397 1645 483 1700; x_wconf 86' lang='lat' dir='ltr'>adest</span> <span class='ocrx_word' id='word_1_85' title='bbox 503 1645 619 1700; x_wconf 87' lang='lat' dir='ltr'>animos</span> <span class='ocrx_word' id='word_1_86' title='bbox 639 1644 689 1699; x_wconf 90' lang='lat' dir='ltr'>cui</span> <span class='ocrx_word' id='word_1_87' title='bbox 709 1643 830 1700; x_wconf 85' lang='lat' dir='ltr'>conscia</span> <span class='ocrx_word' id='word_1_88' title='bbox 847 1644 935 1715; x_wconf 88' lang='lat' dir='ltr'>virgo</span> <span class='ocrx_word' id='word_1_89' title='bbox 953 1646 1076 1701; x_wconf 85' lang='lat' dir='ltr'>natanti</span> 
     </span>
     <span class='ocr_line' id='line_1_17' title="bbox 312 1731 928 1801; baseline -0.002 -15"><span class='ocrx_word' id='word_1_90' title='bbox 312 1732 406 1801; x_wconf 84' lang='lat' dir='ltr'>Saepe</span> <span class='ocrx_word' id='word_1_91' title='bbox 426 1731 458 1785; x_wconf 92' lang='lat' dir='ltr'>in</span> <span class='ocrx_word' id='word_1_92' title='bbox 478 1748 605 1787; x_wconf 89' lang='lat' dir='ltr'>arenoso</span> <span class='ocrx_word' id='word_1_93' title='bbox 627 1731 731 1786; x_wconf 90' lang='lat' dir='ltr'>littore</span> <span class='ocrx_word' id='word_1_94' title='bbox 751 1731 817 1787; x_wconf 85' lang='lat' dir='ltr'>visa</span> <span class='ocrx_word' id='word_1_95' title='bbox 835 1731 928 1787; x_wconf 83' lang='lat' dir='ltr'>dedit.</span> 
     </span>
    </p>

    <p class='ocr_par' dir='ltr' id='par_1_8' title="bbox 276 1819 1010 1979">
     <span class='ocr_line' id='line_1_18' title="bbox 276 1819 1010 1892; baseline 0.004 -19"><span class='ocrx_word' id='word_1_96' title='bbox 276 1820 334 1873; x_wconf 93' lang='lat' dir='ltr'>Ille</span> <span class='ocrx_word' id='word_1_97' title='bbox 352 1838 406 1890; x_wconf 86' lang='lat' dir='ltr'>per</span> <span class='ocrx_word' id='word_1_98' title='bbox 424 1819 545 1875; x_wconf 88' lang='lat' dir='ltr'>insanas</span> <span class='ocrx_word' id='word_1_99' title='bbox 565 1820 670 1873; x_wconf 86' lang='lat' dir='ltr'>mediis</span> <span class='ocrx_word' id='word_1_100' title='bbox 690 1820 893 1892; x_wconf 83' lang='lat' dir='ltr'>Aquilonibus</span> <span class='ocrx_word' id='word_1_101' title='bbox 912 1822 1010 1876; x_wconf 89' lang='lat' dir='ltr'>undas</span> 
     </span>
     <span class='ocr_line' id='line_1_19' title="bbox 311 1907 919 1979; baseline -0.002 -17"><span class='ocrx_word' id='word_1_102' title='bbox 311 1909 387 1974; x_wconf 82' lang='lat' dir='ltr'>Ibat,</span> <span class='ocrx_word' id='word_1_103' title='bbox 407 1915 443 1962; x_wconf 90' lang='lat' dir='ltr'>ut</span> <span class='ocrx_word' id='word_1_104' title='bbox 462 1915 566 1979; x_wconf 88' lang='lat' dir='ltr'>optata</span> <span class='ocrx_word' id='word_1_105' title='bbox 584 1914 689 1978; x_wconf 82' lang='lat' dir='ltr'>posset</span> <span class='ocrx_word' id='word_1_106' title='bbox 708 1913 829 1962; x_wconf 84' lang='lat' dir='ltr'>amante</span> <span class='ocrx_word' id='word_1_107' title='bbox 848 1907 919 1964; x_wconf 83' lang='lat' dir='ltr'>frui.</span> 
     </span>
    </p>

    <p class='ocr_par' dir='ltr' id='par_1_9' title="bbox 277 1995 1109 2155">
     <span class='ocr_line' id='line_1_20' title="bbox 277 1995 1109 2068; baseline 0.004 -18"><span class='ocrx_word' id='word_1_108' title='bbox 277 1997 340 2050; x_wconf 89' lang='lat' dir='ltr'>Nec</span> <span class='ocrx_word' id='word_1_109' title='bbox 359 2014 502 2053; x_wconf 83' lang='lat' dir='ltr'>revocare</span> <span class='ocrx_word' id='word_1_110' title='bbox 523 1996 623 2052; x_wconf 90' lang='lat' dir='ltr'>minus</span> <span class='ocrx_word' id='word_1_111' title='bbox 641 1996 771 2068; x_wconf 84' lang='lat' dir='ltr'>genitor,</span> <span class='ocrx_word' id='word_1_112' title='bbox 791 2014 848 2051; x_wconf 87' lang='lat' dir='ltr'>nec</span> <span class='ocrx_word' id='word_1_113' title='bbox 867 1995 990 2052; x_wconf 87' lang='lat' dir='ltr'>flectere</span> <span class='ocrx_word' id='word_1_114' title='bbox 1010 2003 1109 2053; x_wconf 86' lang='lat' dir='ltr'>mater</span> 
     </span>
     <span class='ocr_line' id='line_1_21' title="bbox 311 2084 993 2155; baseline 0.003 -17"><span class='ocrx_word' id='word_1_115' title='bbox 311 2084 428 2139; x_wconf 88' lang='lat' dir='ltr'>Blanda</span> <span class='ocrx_word' id='word_1_116' title='bbox 445 2091 554 2155; x_wconf 83' lang='lat' dir='ltr'>potest,</span> <span class='ocrx_word' id='word_1_117' title='bbox 575 2085 657 2140; x_wconf 86' lang='lat' dir='ltr'>ultro</span> <span class='ocrx_word' id='word_1_118' title='bbox 676 2085 729 2140; x_wconf 89' lang='lat' dir='ltr'>sed</span> <span class='ocrx_word' id='word_1_119' title='bbox 747 2084 903 2155; x_wconf 88' lang='lat' dir='ltr'>periturus</span> <span class='ocrx_word' id='word_1_120' title='bbox 921 2085 993 2140; x_wconf 89' lang='lat' dir='ltr'>abit.</span> 
     </span>
    </p>

    <p class='ocr_par' dir='ltr' id='par_1_10' title="bbox 276 2172 1098 2332">
     <span class='ocr_line' id='line_1_22' title="bbox 276 2172 1098 2245; baseline 0.005 -19"><span class='ocrx_word' id='word_1_121' title='bbox 276 2173 406 2243; x_wconf 84' lang='lat' dir='ltr'>Jamque</span> <span class='ocrx_word' id='word_1_122' title='bbox 424 2173 594 2242; x_wconf 86' lang='lat' dir='ltr'>procelloso</span> <span class='ocrx_word' id='word_1_123' title='bbox 613 2172 769 2244; x_wconf 88' lang='lat' dir='ltr'>positurus</span> <span class='ocrx_word' id='word_1_124' title='bbox 788 2172 820 2227; x_wconf 92' lang='lat' dir='ltr'>in</span> <span class='ocrx_word' id='word_1_125' title='bbox 840 2191 970 2245; x_wconf 87' lang='lat' dir='ltr'>aequore</span> <span class='ocrx_word' id='word_1_126' title='bbox 991 2174 1098 2245; x_wconf 87' lang='lat' dir='ltr'>vitam,</span> 
     </span>
     <span class='ocr_line' id='line_1_23' title="bbox 310 2259 1024 2332; baseline 0.007 -19"><span class='ocrx_word' id='word_1_127' title='bbox 310 2260 371 2314; x_wconf 92' lang='lat' dir='ltr'>Hei</span> <span class='ocrx_word' id='word_1_128' title='bbox 390 2259 463 2314; x_wconf 91' lang='lat' dir='ltr'>mihi</span> <span class='ocrx_word' id='word_1_129' title='bbox 482 2262 688 2332; x_wconf 78' lang='lat' dir='ltr'>congeminat:</span> <span class='ocrx_word' id='word_1_130' title='bbox 709 2262 796 2316; x_wconf 79' lang='lat' dir='ltr'>Sesta</span> <span class='ocrx_word' id='word_1_131' title='bbox 815 2263 926 2332; x_wconf 86' lang='lat' dir='ltr'>puella,</span> <span class='ocrx_word' id='word_1_132' title='bbox 946 2263 1024 2318; x_wconf 85' lang='lat' dir='ltr'>vale.</span> 
     </span>
    </p>

    <p class='ocr_par' dir='ltr' id='par_1_11' title="bbox 275 2348 1110 2512">
     <span class='ocr_line' id='line_1_24' title="bbox 275 2348 1110 2422; baseline 0.007 -21"><span class='ocrx_word' id='word_1_133' title='bbox 275 2349 361 2402; x_wconf 85' lang='lat' dir='ltr'>Sesta</span> <span class='ocrx_word' id='word_1_134' title='bbox 380 2348 490 2418; x_wconf 84' lang='lat' dir='ltr'>puella,</span> <span class='ocrx_word' id='word_1_135' title='bbox 510 2350 587 2415; x_wconf 83' lang='lat' dir='ltr'>vale,</span> <span class='ocrx_word' id='word_1_136' title='bbox 608 2349 772 2419; x_wconf 77' lang='lat' dir='ltr'>clamabat3</span> <span class='ocrx_word' id='word_1_137' title='bbox 792 2356 823 2404; x_wconf 90' lang='lat' dir='ltr'>et</span> <span class='ocrx_word' id='word_1_138' title='bbox 842 2369 913 2406; x_wconf 91' lang='lat' dir='ltr'>ecce</span> <span class='ocrx_word' id='word_1_139' title='bbox 932 2351 1110 2422; x_wconf 87' lang='lat' dir='ltr'>loquentem</span> 
     </span>
     <span class='ocr_line' id='line_1_25' title="bbox 309 2437 1039 2512; baseline 0.008 -23"><span class='ocrx_word' id='word_1_140' title='bbox 309 2437 496 2508; x_wconf 88' lang='lat' dir='ltr'>Praeruptus</span> <span class='ocrx_word' id='word_1_141' title='bbox 514 2448 621 2495; x_wconf 84' lang='lat' dir='ltr'>vastae</span> <span class='ocrx_word' id='word_1_142' title='bbox 640 2438 801 2509; x_wconf 84' lang='lat' dir='ltr'>supprimit</span> <span class='ocrx_word' id='word_1_143' title='bbox 820 2457 911 2511; x_wconf 86' lang='lat' dir='ltr'>agger</span> <span class='ocrx_word' id='word_1_144' title='bbox 931 2458 1039 2512; x_wconf 88' lang='lat' dir='ltr'>aquae.</span> 
     </span>
    </p>

    <p class='ocr_par' dir='ltr' id='par_1_12' title="bbox 274 2527 1054 2688">
     <span class='ocr_line' id='line_1_26' title="bbox 274 2527 1054 2600; baseline 0.005 -20"><span class='ocrx_word' id='word_1_145' title='bbox 274 2527 439 2583; x_wconf 89' lang='lat' dir='ltr'>Praeterea</span> <span class='ocrx_word' id='word_1_146' title='bbox 454 2527 519 2598; x_wconf 88' lang='lat' dir='ltr'>jam</span> <span class='ocrx_word' id='word_1_147' title='bbox 537 2529 616 2584; x_wconf 84' lang='lat' dir='ltr'>forte</span> <span class='ocrx_word' id='word_1_148' title='bbox 636 2547 750 2584; x_wconf 89' lang='lat' dir='ltr'>novum</span> <span class='ocrx_word' id='word_1_149' title='bbox 768 2529 901 2600; x_wconf 85' lang='lat' dir='ltr'>suspirat</span> <span class='ocrx_word' id='word_1_150' title='bbox 920 2547 1054 2585; x_wconf 85' lang='lat' dir='ltr'>amorem</span> 
     </span>
     <span class='ocr_line' id='line_1_27' title="bbox 310 2615 990 2688; baseline 0.003 -18"><span class='ocrx_word' id='word_1_151' title='bbox 310 2615 433 2683; x_wconf 71' lang='lat' dir='ltr'>Anthia,</span> <span class='ocrx_word' id='word_1_152' title='bbox 453 2635 510 2671; x_wconf 90' lang='lat' dir='ltr'>nec</span> <span class='ocrx_word' id='word_1_153' title='bbox 530 2617 607 2683; x_wconf 86' lang='lat' dir='ltr'>fidei,</span> <span class='ocrx_word' id='word_1_154' title='bbox 627 2635 684 2672; x_wconf 90' lang='lat' dir='ltr'>nec</span> <span class='ocrx_word' id='word_1_155' title='bbox 704 2634 819 2671; x_wconf 88' lang='lat' dir='ltr'>memor</span> <span class='ocrx_word' id='word_1_156' title='bbox 838 2617 904 2688; x_wconf 90' lang='lat' dir='ltr'>ipsa</span> <span class='ocrx_word' id='word_1_157' title='bbox 922 2617 990 2672; x_wconf 91' lang='lat' dir='ltr'>mei.</span> 
     </span>
    </p>

    <p class='ocr_par' dir='ltr' id='par_1_13' title="bbox 274 2702 1116 2864">
     <span class='ocr_line' id='line_1_28' title="bbox 274 2702 1116 2777; baseline 0.006 -21"><span class='ocrx_word' id='word_1_158' title='bbox 274 2702 356 2757; x_wconf 86' lang='lat' dir='ltr'>Rara</span> <span class='ocrx_word' id='word_1_159' title='bbox 374 2704 496 2773; x_wconf 88' lang='lat' dir='ltr'>quidem</span> <span class='ocrx_word' id='word_1_160' title='bbox 515 2706 574 2760; x_wconf 92' lang='lat' dir='ltr'>fida</span> <span class='ocrx_word' id='word_1_161' title='bbox 594 2713 648 2777; x_wconf 64' lang='lat' dir='ltr'>est7</span> <span class='ocrx_word' id='word_1_162' title='bbox 669 2706 774 2761; x_wconf 86' lang='lat' dir='ltr'>oculos</span> <span class='ocrx_word' id='word_1_163' title='bbox 794 2705 852 2761; x_wconf 87' lang='lat' dir='ltr'>nisi</span> <span class='ocrx_word' id='word_1_164' title='bbox 871 2705 987 2761; x_wconf 88' lang='lat' dir='ltr'>nutriat</span> <span class='ocrx_word' id='word_1_165' title='bbox 1006 2705 1116 2777; x_wconf 85' lang='lat' dir='ltr'>ignem,</span> 
     </span>
     <span class='ocr_line' id='line_1_29' title="bbox 309 2792 939 2864; baseline 0.003 -18"><span class='ocrx_word' id='word_1_166' title='bbox 309 2792 436 2847; x_wconf 86' lang='lat' dir='ltr'>Femina</span> <span class='ocrx_word' id='word_1_167' title='bbox 451 2793 568 2864; x_wconf 86' lang='lat' dir='ltr'>juratos</span> <span class='ocrx_word' id='word_1_168' title='bbox 587 2794 640 2850; x_wconf 84' lang='lat' dir='ltr'>vix</span> <span class='ocrx_word' id='word_1_169' title='bbox 659 2794 748 2850; x_wconf 89' lang='lat' dir='ltr'>timet</span> <span class='ocrx_word' id='word_1_170' title='bbox 766 2796 831 2850; x_wconf 90' lang='lat' dir='ltr'>ulla</span> <span class='ocrx_word' id='word_1_171' title='bbox 850 2798 939 2850; x_wconf 80' lang='lat' dir='ltr'>Dece.</span> 
     </span>
    </p>

    <p class='ocr_par' dir='ltr' id='par_1_14' title="bbox 273 2881 972 3042">
     <span class='ocr_line' id='line_1_30' title="bbox 273 2881 972 2951; baseline 0.007 -17"><span class='ocrx_word' id='word_1_172' title='bbox 273 2881 392 2936; x_wconf 88' lang='lat' dir='ltr'>Perfida</span> <span class='ocrx_word' id='word_1_173' title='bbox 410 2899 552 2935; x_wconf 88' lang='lat' dir='ltr'>securum</span> <span class='ocrx_word' id='word_1_174' title='bbox 571 2882 614 2937; x_wconf 87' lang='lat' dir='ltr'>sic</span> <span class='ocrx_word' id='word_1_175' title='bbox 634 2889 676 2951; x_wconf 88' lang='lat' dir='ltr'>te,</span> <span class='ocrx_word' id='word_1_176' title='bbox 696 2884 838 2950; x_wconf 68' lang='lat' dir='ltr'>Menelaa</span> <span class='ocrx_word' id='word_1_177' title='bbox 858 2881 972 2939; x_wconf 86' lang='lat' dir='ltr'>fefellit</span> 
     </span>
     <span class='ocr_line' id='line_1_31' title="bbox 310 2969 959 3042; baseline 0.005 -19"><span class='ocrx_word' id='word_1_178' title='bbox 310 2971 445 3024; x_wconf 84' lang='lat' dir='ltr'>Externa</span> <span class='ocrx_word' id='word_1_179' title='bbox 464 2971 501 3024; x_wconf 89' lang='lat' dir='ltr'>ad</span> <span class='ocrx_word' id='word_1_180' title='bbox 521 2969 644 3040; x_wconf 82' lang='lat' dir='ltr'>Trojam</span> <span class='ocrx_word' id='word_1_181' title='bbox 663 2978 752 3026; x_wconf 87' lang='lat' dir='ltr'>vecta</span> <span class='ocrx_word' id='word_1_182' title='bbox 766 2971 868 3042; x_wconf 89' lang='lat' dir='ltr'>puella</span> <span class='ocrx_word' id='word_1_183' title='bbox 887 2973 959 3027; x_wconf 88' lang='lat' dir='ltr'>late.</span> 
     </span>
    </p>

    <p class='ocr_par' dir='ltr' id='par_1_15' title="bbox 272 3059 987 3219">
     <span class='ocr_line' id='line_1_32' title="bbox 272 3059 974 3133; baseline 0.001 -19"><span class='ocrx_word' id='word_1_184' title='bbox 272 3059 357 3114; x_wconf 86' lang='lat' dir='ltr'>Arsit</span> <span class='ocrx_word' id='word_1_185' title='bbox 376 3059 408 3113; x_wconf 90' lang='lat' dir='ltr'>in</span> <span class='ocrx_word' id='word_1_186' title='bbox 426 3060 587 3131; x_wconf 88' lang='lat' dir='ltr'>Aegyptho</span> <span class='ocrx_word' id='word_1_187' title='bbox 606 3059 714 3115; x_wconf 85' lang='lat' dir='ltr'>furiosi</span> <span class='ocrx_word' id='word_1_188' title='bbox 732 3067 830 3115; x_wconf 89' lang='lat' dir='ltr'>mater</span> <span class='ocrx_word' id='word_1_189' title='bbox 849 3061 974 3133; x_wconf 82' lang='lat' dir='ltr'>Orestis,</span> 
     </span>
     <span class='ocr_line' id='line_1_33' title="bbox 307 3147 987 3219; baseline 0.006 -18"><span class='ocrx_word' id='word_1_190' title='bbox 307 3150 386 3201; x_wconf 91' lang='lat' dir='ltr'>Dum</span> <span class='ocrx_word' id='word_1_191' title='bbox 404 3148 483 3219; x_wconf 85' lang='lat' dir='ltr'>gerit</span> <span class='ocrx_word' id='word_1_192' title='bbox 502 3148 625 3203; x_wconf 88' lang='lat' dir='ltr'>Atrides</span> <span class='ocrx_word' id='word_1_193' title='bbox 647 3147 766 3203; x_wconf 89' lang='lat' dir='ltr'>vindice</span> <span class='ocrx_word' id='word_1_194' title='bbox 785 3150 867 3204; x_wconf 91' lang='lat' dir='ltr'>bella</span> <span class='ocrx_word' id='word_1_195' title='bbox 886 3168 987 3205; x_wconf 90' lang='lat' dir='ltr'>manu.</span> 
     </span>
    </p>

    <p class='ocr_par' dir='ltr' id='par_1_16' title="bbox 271 3237 1112 3400">
     <span class='ocr_line' id='line_1_34' title="bbox 271 3237 1112 3311; baseline 0.006 -20"><span class='ocrx_word' id='word_1_196' title='bbox 271 3237 385 3292; x_wconf 86' lang='lat' dir='ltr'>Multae</span> <span class='ocrx_word' id='word_1_197' title='bbox 408 3239 508 3304; x_wconf 84' lang='lat' dir='ltr'>etiam,</span> <span class='ocrx_word' id='word_1_198' title='bbox 528 3255 658 3309; x_wconf 87' lang='lat' dir='ltr'>quarum</span> <span class='ocrx_word' id='word_1_199' title='bbox 677 3245 794 3294; x_wconf 88' lang='lat' dir='ltr'>veteres</span> <span class='ocrx_word' id='word_1_200' title='bbox 813 3239 975 3294; x_wconf 91' lang='lat' dir='ltr'>meminere</span> <span class='ocrx_word' id='word_1_201' title='bbox 994 3247 1112 3311; x_wconf 86' lang='lat' dir='ltr'>poetae,</span> 
     </span>
     <span class='ocr_line' id='line_1_35' title="bbox 305 3327 951 3400; baseline 0.009 -19"><span class='ocrx_word' id='word_1_202' title='bbox 305 3329 472 3382; x_wconf 86' lang='lat' dir='ltr'>Deseruere</span> <span class='ocrx_word' id='word_1_203' title='bbox 492 3327 582 3393; x_wconf 85' lang='lat' dir='ltr'>viros,</span> <span class='ocrx_word' id='word_1_204' title='bbox 602 3327 832 3400; x_wconf 87' lang='lat' dir='ltr'>legitimamque</span> <span class='ocrx_word' id='word_1_205' title='bbox 852 3330 951 3387; x_wconf 87' lang='lat' dir='ltr'>fidem.</span> 
     </span>
    </p>

    <p class='ocr_par' dir='ltr' id='par_1_17' title="bbox 269 3413 1093 3579">
     <span class='ocr_line' id='line_1_36' title="bbox 269 3413 1093 3491; baseline 0.012 -24"><span class='ocrx_word' id='word_1_206' title='bbox 269 3414 326 3468; x_wconf 90' lang='lat' dir='ltr'>His</span> <span class='ocrx_word' id='word_1_207' title='bbox 345 3413 475 3471; x_wconf 78' lang='lat' dir='ltr'>fortasse</span> <span class='ocrx_word' id='word_1_208' title='bbox 495 3433 593 3471; x_wconf 89' lang='lat' dir='ltr'>meam</span> <span class='ocrx_word' id='word_1_209' title='bbox 612 3422 755 3487; x_wconf 89' lang='lat' dir='ltr'>poterunt</span> <span class='ocrx_word' id='word_1_210' title='bbox 774 3435 931 3474; x_wconf 87' lang='lat' dir='ltr'>numerare</span> <span class='ocrx_word' id='word_1_211' title='bbox 950 3423 1093 3491; x_wconf 88' lang='lat' dir='ltr'>puellam,</span> 
     </span>
     <span class='ocr_line' id='line_1_37' title="bbox 302 3506 1016 3579; baseline 0.008 -18"><span class='ocrx_word' id='word_1_212' title='bbox 302 3508 406 3576; x_wconf 83' lang='lat' dir='ltr'>Atque</span> <span class='ocrx_word' id='word_1_213' title='bbox 426 3506 493 3562; x_wconf 88' lang='lat' dir='ltr'>ideo</span> <span class='ocrx_word' id='word_1_214' title='bbox 512 3507 631 3561; x_wconf 89' lang='lat' dir='ltr'>doleam</span> <span class='ocrx_word' id='word_1_215' title='bbox 651 3524 705 3561; x_wconf 88' lang='lat' dir='ltr'>cur</span> <span class='ocrx_word' id='word_1_216' title='bbox 724 3523 788 3577; x_wconf 85' lang='lat' dir='ltr'>ege,</span> <span class='ocrx_word' id='word_1_217' title='bbox 809 3525 929 3579; x_wconf 88' lang='lat' dir='ltr'>semper</span> <span class='ocrx_word' id='word_1_218' title='bbox 948 3511 1016 3569; x_wconf 86' lang='lat' dir='ltr'>erit.</span> 
     </span>
    </p>
   </div>
   <div class='ocr_carea' id='block_1_3' title="bbox 0 0 1280 4176">
    <p class='ocr_par' dir='ltr' id='par_1_18' title="bbox 0 0 1280 4176">
     <span class='ocr_line' id='line_1_38' title="bbox 0 0 1280 4176; baseline 0 3"><span class='ocrx_word' id='word_1_219' title='bbox 0 0 1280 4176; x_wconf 95' lang='lat' dir='ltr'> </span> 
     </span>
    </p>
   </div>
  </div>
 </body>
</html>
