2550 4176
231 272 283 334 124

279 382 321 437 At
340 379 427 437 focus
446 388 479 437 et
498 380 612 437 circum
631 379 717 452 pueri
737 398 909 453 vernaeque
929 385 1075 436 canentes

277 476 356 528 Dum
376 490 470 527 coena
488 474 617 528 undanti
636 474 778 546 coquitur
796 473 946 530 silvestris
966 472 1073 538 aheno,

277 561 471 630 Grandiaque
491 568 624 617 exurunt
646 562 831 634 crepitantes
850 563 960 617 robora
977 559 1127 626 flammae,

275 649 441 719 Suspensae
463 666 479 703 e
498 651 623 706 summis
642 653 774 722 pendent
792 651 986 724 laquearibus
1005 667 1096 719 uvae,

274 738 423 811 Malaque,
444 747 663 812 castaneaeque
683 747 713 796 et
731 760 818 812 passo
837 731 943 796 fistula
960 745 1079 806 ventre,

273 827 406 882 Hiberna
424 828 460 882 de
480 835 568 883 nocte
588 829 680 884 boum
698 829 817 885 stabula
835 830 898 884 alta
917 835 1075 900 petuntur.

272 918 342 973 Una
361 935 465 973 omnes
485 924 657 987 matresque
678 918 796 988 virique
815 918 974 989 omnisque
992 918 1143 988 juventus

272 1007 445 1063 Insomnem
465 1014 610 1062 exercent
628 1014 764 1078 noctem;
783 1024 852 1078 pars
872 1025 967 1079 pensa
986 1006 1113 1079 fatigat:

270 1096 345 1150 Pare
363 1097 442 1152 texit
461 1104 584 1153 teneros
603 1096 748 1152 Amerino
767 1095 880 1151 vimine
901 1094 1021 1167 qualos:

270 1184 370 1254 Atque
391 1205 467 1242 anus
485 1187 533 1242 hic
554 1187 656 1260 aliqua
675 1187 800 1253 interea,
821 1185 893 1240 dum
911 1187 1026 1240 vellera
1046 1186 1155 1257 carpit,

269 1276 310 1328 Et
328 1282 454 1331 teretem
473 1279 604 1332 tremulo
623 1276 766 1348 propellit
784 1275 893 1346 pollice
912 1274 1022 1345 fusum,

269 1363 464 1435 Languentes
484 1367 589 1421 oculos
608 1352 822 1422 fabella'fallie
840 1364 931 1419 inani.

670 1716 722 1768 IV.

603 1866 783 1934 PSYOHE

567 2011 646 2064 (Dial.
660 2009 691 2053 de
699 2009 820 2061 Anima.)

257 2173 335 2239 Huc,
357 2172 450 2227 Amor
469 2191 486 2228 o
505 2173 625 2240 dilecte,
646 2170 725 2238 ades,
745 2187 763 2223 o
782 2168 893 2224 dilecte
914 2167 1044 2238 Cupido:

259 2261 438 2317 Formosum
456 2269 510 2317 tua
529 2268 559 2318 te
580 2261 696 2334 Psyche
716 2259 849 2314 formosa
867 2258 1003 2331 requirit,

257 2350 298 2402 Et
316 2350 415 2420 poscit
433 2357 463 2406 te
482 2352 541 2407 Dia
559 2355 664 2417 Deum,
684 2365 869 2421 puerumque
890 2347 997 2417 puella.

256 2438 279 2492 Ο
300 2437 356 2492 tibi
374 2446 437 2494 tam
456 2439 563 2496 similis
582 2440 657 2495 site
676 2444 872 2509 peramatque
892 2436 1046 2506 cupitque,

254 2527 361 2583 Nonne
381 2537 412 2584 et
431 2530 544 2585 amabis
563 2531 657 2586 Amor
673 2528 767 2594 illam,
788 2527 960 2598 cupiesque,
981 2525 1117 2597 Cupido?

259 2617 314 2670 Est
334 2618 438 2672 eadem
456 2620 543 2674 nobis
562 2618 673 2690 patria:
693 2624 739 2671 est
759 2615 899 2671 coelestis
919 2613 1001 2686 origo

255 2706 302 2760 Ab
322 2707 416 2778 Jove;
436 2726 490 2763 nos
511 2707 602 2762 terris
621 2706 743 2778 pariter,
764 2722 819 2760 nos
839 2703 963 2759 aethere
980 2701 1013 2756 in
1033 2702 1097 2757 alto

256 2798 421 2853 Versamur
438 2799 560 2869 pariter,
581 2798 804 2868 conjunctaque
823 2811 951 2849 munera
970 2792 1097 2847 obimus

255 2885 325 2955 Ipsa
343 2887 456 2941 bonum
476 2887 698 2959 pulchrumque
718 2883 814 2939 modis
834 2884 865 2937 in
885 2887 1008 2953 pectore
1028 2880 1113 2936 miris

253 2974 386 3043 Insinu0,
406 2987 441 3032 tu
460 2977 550 3031 corda
568 2975 650 3043 ferie,
672 2980 706 3030 tu
726 2973 862 3045 suggeris
881 2972 975 3042 ignes,

252 3065 461 3138 Accendisque
483 3050 696 3132 tutoremve,
715 3081 812 3135 genus
830 3062 911 3116 unde
931 3059 1122 3115 animantum

252 3151 430 3224 Concipitur
449 3154 628 3226 crescitque,
647 3172 703 3209 sua
724 3158 755 3207 et
774 3150 925 3206 connubia
939 3149 1049 3221 jungit.

250 3242 298 3296 Me
319 3242 468 3312 miseram,
489 3244 569 3316 quod
587 3249 620 3298 et
640 3243 705 3314 ipsa
723 3241 799 3296 meis
818 3241 850 3295 in
869 3256 915 3293 me
934 3237 1049 3293 artibus
1069 3255 1126 3292 usa

250 3331 299 3386 Ah
317 3332 445 3388 nimium
464 3341 576 3401 tenera,
596 3339 628 3387 et
647 3331 773 3403 pulchro
793 3331 882 3386 nimis
902 3335 972 3400 apta
991 3327 1109 3383 moveri

249 3419 293 3475 Ut
311 3426 341 3475 te
362 3422 513 3492 conspexi,
531 3427 568 3476 ut
587 3421 667 3487 novi,
687 3419 888 3492 pulcherrime
908 3435 1011 3472 rerum

249 3506 401 3564 Continuo
419 3508 597 3581 facibusque
618 3509 687 3575 tuis,
707 3515 740 3564 et
757 3506 885 3576 Amoris,
906 3522 1006 3559 amore

247 3595 369 3651 Exarei:
385 3597 475 3668 juvat
493 3598 559 3666 hoc,
578 3597 700 3669 paribus
719 3596 746 3654 si
766 3603 797 3652 et
816 3602 852 3652 tu
871 3594 993 3666 ignibus
1013 3593 1106 3649 ardes.
