<?xml version="1.0" encoding="UTF-8"?>
<!DOCTYPE html PUBLIC "-//W3C//DTD XHTML 1.0 Transitional//EN"
    "http://www.w3.org/TR/xhtml1/DTD/xhtml1-transitional.dtd">
<html xmlns="http://www.w3.org/1999/xhtml" xml:lang="en" lang="en">
 <head>
  <title>
</title>
<meta http-equiv="Content-Type" content="text/html;charset=utf-8" />
  <meta name='ocr-system' content='tesseract 3.04.00' />
  <meta name='ocr-capabilities' content='ocr_page ocr_carea ocr_par ocr_line ocrx_word'/>
</head>
<body>
  <div class='ocr_page' id='page_1' title='image "./antologiadellal00costgoog_0112.png"; bbox 0 0 2550 4176; ppageno 0'>
   <div class='ocr_carea' id='block_1_1' title="bbox 428 703 676 771">
    <p class='ocr_par' dir='ltr' id='par_1_1' title="bbox 428 703 676 771">
     <span class='ocr_line' id='line_1_1' title="bbox 428 703 676 771; baseline 0.012 -3"><span class='ocrx_word' id='word_1_1' title='bbox 428 703 494 770; x_wconf 88' lang='lat' dir='ltr'>AD</span> <span class='ocrx_word' id='word_1_2' title='bbox 518 705 604 771; x_wconf 90' lang='lat' dir='ltr'>NIN</span> <span class='ocrx_word' id='word_1_3' title='bbox 607 705 676 771; x_wconf 89' lang='lat' dir='ltr'>AM</span> 
     </span>
    </p>
   </div>
   <div class='ocr_carea' id='block_1_2' title="bbox 374 844 724 900">
    <p class='ocr_par' dir='ltr' id='par_1_2' title="bbox 374 844 724 900">
     <span class='ocr_line' id='line_1_2' title="bbox 374 844 724 900; baseline -0.011 -10"><span class='ocrx_word' id='word_1_4' title='bbox 374 845 606 900; x_wconf 71' lang='lat' dir='ltr'>(epigrammaton,</span> <span class='ocrx_word' id='word_1_5' title='bbox 624 844 681 889; x_wconf 80' lang='lat' dir='ltr'>Lib.</span> <span class='ocrx_word' id='word_1_6' title='bbox 696 845 724 894; x_wconf 87' lang='grc' dir='ltr'>ι.)</span> 
     </span>
    </p>
   </div>
   <div class='ocr_carea' id='block_1_3' title="bbox 183 1028 899 3522">
    <p class='ocr_par' dir='ltr' id='par_1_3' title="bbox 188 1028 808 1178">
     <span class='ocr_line' id='line_1_3' title="bbox 188 1028 808 1102; baseline -0.008 -14"><span class='ocrx_word' id='word_1_7' title='bbox 188 1034 363 1099; x_wconf 75' lang='lat' dir='ltr'>Sexcentas,</span> <span class='ocrx_word' id='word_1_8' title='bbox 382 1032 469 1100; x_wconf 86' lang='lat' dir='ltr'>Nina,</span> <span class='ocrx_word' id='word_1_9' title='bbox 488 1030 534 1097; x_wconf 89' lang='lat' dir='ltr'>da,</span> <span class='ocrx_word' id='word_1_10' title='bbox 553 1048 668 1102; x_wconf 81' lang='lat' dir='ltr'>precor,</span> <span class='ocrx_word' id='word_1_11' title='bbox 688 1028 808 1101; x_wconf 76' lang='lat' dir='ltr'>roganti</span> 
     </span>
     <span class='ocr_line' id='line_1_4' title="bbox 188 1121 695 1178; baseline -0.008 0"><span class='ocrx_word' id='word_1_12' title='bbox 188 1123 246 1178; x_wconf 85' lang='lat' dir='ltr'>Sed</span> <span class='ocrx_word' id='word_1_13' title='bbox 265 1128 386 1178; x_wconf 87' lang='lat' dir='ltr'>tantum</span> <span class='ocrx_word' id='word_1_14' title='bbox 405 1122 479 1177; x_wconf 90' lang='lat' dir='ltr'>mihi</span> <span class='ocrx_word' id='word_1_15' title='bbox 499 1121 695 1178; x_wconf 74' lang='lat' dir='ltr'>basiationes:</span> 
     </span>
    </p>

    <p class='ocr_par' dir='ltr' id='par_1_4' title="bbox 187 1211 848 1643">
     <span class='ocr_line' id='line_1_5' title="bbox 188 1211 795 1285; baseline -0.003 -19"><span class='ocrx_word' id='word_1_16' title='bbox 188 1212 256 1266; x_wconf 91' lang='lat' dir='ltr'>Non</span> <span class='ocrx_word' id='word_1_17' title='bbox 276 1230 352 1285; x_wconf 85' lang='lat' dir='ltr'>quas</span> <span class='ocrx_word' id='word_1_18' title='bbox 371 1213 445 1271; x_wconf 86' lang='lat' dir='ltr'>deut</span> <span class='ocrx_word' id='word_1_19' title='bbox 464 1213 541 1268; x_wconf 91' lang='lat' dir='ltr'>bene</span> <span class='ocrx_word' id='word_1_20' title='bbox 560 1212 641 1267; x_wconf 85' lang='lat' dir='ltr'>filiae</span> <span class='ocrx_word' id='word_1_21' title='bbox 661 1211 795 1282; x_wconf 71' lang='lat' dir='ltr'>parenti,</span> 
     </span>
     <span class='ocr_line' id='line_1_6' title="bbox 188 1302 848 1374; baseline -0.002 -18"><span class='ocrx_word' id='word_1_22' title='bbox 188 1303 251 1357; x_wconf 85' lang='lat' dir='ltr'>Nec</span> <span class='ocrx_word' id='word_1_23' title='bbox 271 1320 346 1374; x_wconf 87' lang='lat' dir='ltr'>quas</span> <span class='ocrx_word' id='word_1_24' title='bbox 364 1303 437 1358; x_wconf 87' lang='lat' dir='ltr'>dent</span> <span class='ocrx_word' id='word_1_25' title='bbox 457 1302 534 1358; x_wconf 92' lang='lat' dir='ltr'>bene</span> <span class='ocrx_word' id='word_1_26' title='bbox 552 1302 697 1359; x_wconf 82' lang='lat' dir='ltr'>fratribus</span> <span class='ocrx_word' id='word_1_27' title='bbox 716 1318 848 1356; x_wconf 87' lang='lat' dir='ltr'>sorores:</span> 
     </span>
     <span class='ocr_line' id='line_1_7' title="bbox 189 1392 794 1465; baseline -0.003 -18"><span class='ocrx_word' id='word_1_28' title='bbox 189 1393 247 1448; x_wconf 84' lang='lat' dir='ltr'>Sed</span> <span class='ocrx_word' id='word_1_29' title='bbox 266 1411 341 1465; x_wconf 89' lang='lat' dir='ltr'>quas</span> <span class='ocrx_word' id='word_1_30' title='bbox 360 1400 455 1464; x_wconf 89' lang='lat' dir='ltr'>nupta</span> <span class='ocrx_word' id='word_1_31' title='bbox 475 1401 581 1465; x_wconf 85' lang='lat' dir='ltr'>rogata</span> <span class='ocrx_word' id='word_1_32' title='bbox 599 1393 651 1447; x_wconf 92' lang='lat' dir='ltr'>det</span> <span class='ocrx_word' id='word_1_33' title='bbox 670 1392 794 1462; x_wconf 79' lang='lat' dir='ltr'>marit03</span> 
     </span>
     <span class='ocr_line' id='line_1_8' title="bbox 188 1481 739 1555; baseline 0.002 -19"><span class='ocrx_word' id='word_1_34' title='bbox 188 1484 229 1536; x_wconf 88' lang='lat' dir='ltr'>Et</span> <span class='ocrx_word' id='word_1_35' title='bbox 249 1499 323 1551; x_wconf 87' lang='lat' dir='ltr'>quas</span> <span class='ocrx_word' id='word_1_36' title='bbox 342 1483 395 1538; x_wconf 90' lang='lat' dir='ltr'>det</span> <span class='ocrx_word' id='word_1_37' title='bbox 410 1481 519 1555; x_wconf 86' lang='lat' dir='ltr'>juveni</span> <span class='ocrx_word' id='word_1_38' title='bbox 536 1482 640 1554; x_wconf 89' lang='lat' dir='ltr'>puella</span> <span class='ocrx_word' id='word_1_39' title='bbox 660 1499 739 1537; x_wconf 77' lang='lat' dir='ltr'>earo·</span> 
     </span>
     <span class='ocr_line' id='line_1_9' title="bbox 187 1571 749 1643; baseline -0.005 -17"><span class='ocrx_word' id='word_1_40' title='bbox 187 1572 286 1626; x_wconf 89' lang='lat' dir='ltr'>Juvat</span> <span class='ocrx_word' id='word_1_41' title='bbox 304 1589 352 1626; x_wconf 89' lang='lat' dir='ltr'>me</span> <span class='ocrx_word' id='word_1_42' title='bbox 371 1589 455 1626; x_wconf 89' lang='lat' dir='ltr'>mora</span> <span class='ocrx_word' id='word_1_43' title='bbox 472 1572 564 1643; x_wconf 86' lang='lat' dir='ltr'>longa</span> <span class='ocrx_word' id='word_1_44' title='bbox 583 1571 749 1641; x_wconf 87' lang='lat' dir='ltr'>basiorum;</span> 
     </span>
    </p>

    <p class='ocr_par' dir='ltr' id='par_1_5' title="bbox 186 1660 781 1908">
     <span class='ocr_line' id='line_1_10' title="bbox 188 1660 781 1731; baseline 0.003 -18"><span class='ocrx_word' id='word_1_45' title='bbox 188 1660 232 1713; x_wconf 92' lang='lat' dir='ltr'>Ne</span> <span class='ocrx_word' id='word_1_46' title='bbox 252 1677 300 1714; x_wconf 93' lang='lat' dir='ltr'>me</span> <span class='ocrx_word' id='word_1_47' title='bbox 321 1667 384 1715; x_wconf 86' lang='lat' dir='ltr'>tam</span> <span class='ocrx_word' id='word_1_48' title='bbox 404 1661 464 1716; x_wconf 80' lang='lat' dir='ltr'>cito</span> <span class='ocrx_word' id='word_1_49' title='bbox 485 1661 607 1716; x_wconf 86' lang='lat' dir='ltr'>deserat</span> <span class='ocrx_word' id='word_1_50' title='bbox 625 1660 781 1731; x_wconf 73' lang='lat' dir='ltr'>voluptas,</span> 
     </span>
     <span class='ocr_line' id='line_1_11' title="bbox 188 1748 754 1822; baseline 0.002 -20"><span class='ocrx_word' id='word_1_51' title='bbox 188 1748 266 1803; x_wconf 91' lang='lat' dir='ltr'>Nolo</span> <span class='ocrx_word' id='word_1_52' title='bbox 285 1767 434 1804; x_wconf 82' lang='lat' dir='ltr'>marmora</span> <span class='ocrx_word' id='word_1_53' title='bbox 453 1756 547 1822; x_wconf 82' lang='lat' dir='ltr'>muta,</span> <span class='ocrx_word' id='word_1_54' title='bbox 567 1750 638 1804; x_wconf 91' lang='lat' dir='ltr'>nolo</span> <span class='ocrx_word' id='word_1_55' title='bbox 657 1748 754 1820; x_wconf 80' lang='lat' dir='ltr'>pictos</span> 
     </span>
     <span class='ocr_line' id='line_1_12' title="bbox 186 1840 709 1908; baseline -0.004 -12"><span class='ocrx_word' id='word_1_56' title='bbox 186 1843 327 1908; x_wconf 67' lang='lat' dir='ltr'>Dearum</span> <span class='ocrx_word' id='word_1_57' title='bbox 347 1841 433 1908; x_wconf 81' lang='lat' dir='ltr'>Nina,</span> <span class='ocrx_word' id='word_1_58' title='bbox 453 1840 570 1896; x_wconf 89' lang='lat' dir='ltr'>basiare</span> <span class='ocrx_word' id='word_1_59' title='bbox 589 1842 709 1898; x_wconf 87' lang='lat' dir='ltr'>vultus:</span> 
     </span>
    </p>

    <p class='ocr_par' dir='ltr' id='par_1_6' title="bbox 186 1930 769 2272">
     <span class='ocr_line' id='line_1_13' title="bbox 189 1930 748 2004; baseline 0 -18"><span class='ocrx_word' id='word_1_60' title='bbox 189 1930 246 1986; x_wconf 85' lang='lat' dir='ltr'>Sed</span> <span class='ocrx_word' id='word_1_61' title='bbox 265 1937 361 1986; x_wconf 88' lang='lat' dir='ltr'>totam</span> <span class='ocrx_word' id='word_1_62' title='bbox 382 1933 470 2004; x_wconf 85' lang='lat' dir='ltr'>cupio</span> <span class='ocrx_word' id='word_1_63' title='bbox 490 1941 593 1989; x_wconf 91' lang='lat' dir='ltr'>tenere</span> <span class='ocrx_word' id='word_1_64' title='bbox 612 1933 748 2004; x_wconf 83' lang='lat' dir='ltr'>linguam</span> 
     </span>
     <span class='ocr_line' id='line_1_14' title="bbox 187 2021 769 2092; baseline -0.002 -16"><span class='ocrx_word' id='word_1_65' title='bbox 187 2023 338 2077; x_wconf 89' lang='lat' dir='ltr'>Insertam</span> <span class='ocrx_word' id='word_1_66' title='bbox 356 2023 522 2087; x_wconf 85' lang='lat' dir='ltr'>humidulis</span> <span class='ocrx_word' id='word_1_67' title='bbox 542 2023 617 2078; x_wconf 89' lang='lat' dir='ltr'>meis</span> <span class='ocrx_word' id='word_1_68' title='bbox 635 2021 769 2092; x_wconf 87' lang='lat' dir='ltr'>labellis;</span> 
     </span>
     <span class='ocr_line' id='line_1_15' title="bbox 186 2112 763 2185; baseline -0.002 -19"><span class='ocrx_word' id='word_1_69' title='bbox 186 2113 274 2168; x_wconf 82' lang='lat' dir='ltr'>Hanc</span> <span class='ocrx_word' id='word_1_70' title='bbox 294 2119 325 2168; x_wconf 86' lang='lat' dir='ltr'>et</span> <span class='ocrx_word' id='word_1_71' title='bbox 343 2131 459 2185; x_wconf 87' lang='lat' dir='ltr'>sugere,</span> <span class='ocrx_word' id='word_1_72' title='bbox 482 2112 763 2184; x_wconf 85' lang='lat' dir='ltr'>morsiunculasque</span> 
     </span>
     <span class='ocr_line' id='line_1_16' title="bbox 187 2200 769 2272; baseline -0.007 -16"><span class='ocrx_word' id='word_1_73' title='bbox 187 2201 296 2257; x_wconf 87' lang='lat' dir='ltr'>Molles</span> <span class='ocrx_word' id='word_1_74' title='bbox 315 2200 453 2272; x_wconf 78' lang='lat' dir='ltr'>adjicere,</span> <span class='ocrx_word' id='word_1_75' title='bbox 474 2208 506 2257; x_wconf 89' lang='lat' dir='ltr'>et</span> <span class='ocrx_word' id='word_1_76' title='bbox 526 2201 769 2257; x_wconf 81' lang='lat' dir='ltr'>columbulorum</span> 
     </span>
    </p>

    <p class='ocr_par' dir='ltr' id='par_1_7' title="bbox 187 2288 721 2356">
     <span class='ocr_line' id='line_1_17' title="bbox 187 2288 721 2356; baseline 0 -14"><span class='ocrx_word' id='word_1_77' title='bbox 187 2290 224 2343; x_wconf 91' lang='lat' dir='ltr'>In</span> <span class='ocrx_word' id='word_1_78' title='bbox 243 2307 366 2356; x_wconf 88' lang='lat' dir='ltr'>morem,</span> <span class='ocrx_word' id='word_1_79' title='bbox 387 2297 510 2345; x_wconf 88' lang='lat' dir='ltr'>teneros</span> <span class='ocrx_word' id='word_1_80' title='bbox 529 2288 606 2345; x_wconf 89' lang='lat' dir='ltr'>inire</span> <span class='ocrx_word' id='word_1_81' title='bbox 626 2290 721 2355; x_wconf 88' lang='lat' dir='ltr'>lusus,</span> 
     </span>
    </p>

    <p class='ocr_par' dir='ltr' id='par_1_8' title="bbox 183 2376 899 3422">
     <span class='ocr_line' id='line_1_18' title="bbox 186 2376 831 2434; baseline 0 -3"><span class='ocrx_word' id='word_1_82' title='bbox 186 2377 231 2431; x_wconf 88' lang='lat' dir='ltr'>Ae</span> <span class='ocrx_word' id='word_1_83' title='bbox 250 2376 395 2434; x_wconf 90' lang='lat' dir='ltr'>blandum</span> <span class='ocrx_word' id='word_1_84' title='bbox 415 2378 506 2433; x_wconf 89' lang='lat' dir='ltr'>simul</span> <span class='ocrx_word' id='word_1_85' title='bbox 530 2378 665 2433; x_wconf 84' lang='lat' dir='ltr'>excitare</span> <span class='ocrx_word' id='word_1_86' title='bbox 685 2394 831 2431; x_wconf 88' lang='lat' dir='ltr'>murmur.</span> 
     </span>
     <span class='ocr_line' id='line_1_19' title="bbox 186 2467 751 2524; baseline 0.004 -4"><span class='ocrx_word' id='word_1_87' title='bbox 186 2467 270 2521; x_wconf 87' lang='lat' dir='ltr'>Haeo</span> <span class='ocrx_word' id='word_1_88' title='bbox 289 2474 362 2523; x_wconf 89' lang='lat' dir='ltr'>sunt</span> <span class='ocrx_word' id='word_1_89' title='bbox 380 2468 487 2523; x_wconf 85' lang='lat' dir='ltr'>suavia</span> <span class='ocrx_word' id='word_1_90' title='bbox 505 2469 643 2524; x_wconf 78' lang='lat' dir='ltr'>dulciora</span> <span class='ocrx_word' id='word_1_91' title='bbox 661 2469 751 2523; x_wconf 90' lang='lat' dir='ltr'>melle</span> 
     </span>
     <span class='ocr_line' id='line_1_20' title="bbox 186 2557 797 2628; baseline 0.005 -18"><span class='ocrx_word' id='word_1_92' title='bbox 186 2557 326 2628; x_wconf 89' lang='lat' dir='ltr'>Hyblaeo</span> <span class='ocrx_word' id='word_1_93' title='bbox 347 2566 378 2613; x_wconf 89' lang='lat' dir='ltr'>et</span> <span class='ocrx_word' id='word_1_94' title='bbox 397 2558 516 2614; x_wconf 79' lang='lat' dir='ltr'>Siculae</span> <span class='ocrx_word' id='word_1_95' title='bbox 536 2559 653 2628; x_wconf 89' lang='lat' dir='ltr'>liquore</span> <span class='ocrx_word' id='word_1_96' title='bbox 673 2575 797 2613; x_wconf 82' lang='lat' dir='ltr'>cannae.</span> 
     </span>
     <span class='ocr_line' id='line_1_21' title="bbox 185 2647 813 2721; baseline 0.008 -22"><span class='ocrx_word' id='word_1_97' title='bbox 185 2647 270 2702; x_wconf 87' lang='lat' dir='ltr'>Haeo</span> <span class='ocrx_word' id='word_1_98' title='bbox 289 2649 354 2704; x_wconf 83' lang='lat' dir='ltr'>sola</span> <span class='ocrx_word' id='word_1_99' title='bbox 372 2649 600 2720; x_wconf 79' lang='lat' dir='ltr'>ambrosiaeque</span> <span class='ocrx_word' id='word_1_100' title='bbox 620 2649 813 2721; x_wconf 79' lang='lat' dir='ltr'>neoterisque</span> 
     </span>
     <span class='ocr_line' id='line_1_22' title="bbox 188 2737 822 2812; baseline 0.005 -21"><span class='ocrx_word' id='word_1_101' title='bbox 188 2737 300 2792; x_wconf 78' lang='lat' dir='ltr'>Succos</span> <span class='ocrx_word' id='word_1_102' title='bbox 318 2738 456 2808; x_wconf 84' lang='lat' dir='ltr'>fundere,</span> <span class='ocrx_word' id='word_1_103' title='bbox 475 2740 541 2795; x_wconf 92' lang='lat' dir='ltr'>sola</span> <span class='ocrx_word' id='word_1_104' title='bbox 558 2741 669 2795; x_wconf 83' lang='lat' dir='ltr'>habere</span> <span class='ocrx_word' id='word_1_105' title='bbox 687 2745 822 2812; x_wconf 76' lang='lat' dir='ltr'>possunt.</span> 
     </span>
     <span class='ocr_line' id='line_1_23' title="bbox 185 2825 782 2901; baseline 0.008 -22"><span class='ocrx_word' id='word_1_106' title='bbox 185 2825 269 2891; x_wconf 80' lang='lat' dir='ltr'>Quae</span> <span class='ocrx_word' id='word_1_107' title='bbox 288 2826 314 2882; x_wconf 91' lang='lat' dir='ltr'>si</span> <span class='ocrx_word' id='word_1_108' title='bbox 334 2827 538 2900; x_wconf 82' lang='lat' dir='ltr'>contingerint</span> <span class='ocrx_word' id='word_1_109' title='bbox 557 2829 641 2901; x_wconf 81' lang='lat' dir='ltr'>mihi,</span> <span class='ocrx_word' id='word_1_110' title='bbox 660 2827 782 2899; x_wconf 89' lang='lat' dir='ltr'>tuisque</span> 
     </span>
     <span class='ocr_line' id='line_1_24' title="bbox 187 2914 749 2989; baseline 0.011 -22"><span class='ocrx_word' id='word_1_111' title='bbox 187 2914 357 2972; x_wconf 85' lang='lat' dir='ltr'>Admovere</span> <span class='ocrx_word' id='word_1_112' title='bbox 377 2918 458 2973; x_wconf 90' lang='lat' dir='ltr'>sinas</span> <span class='ocrx_word' id='word_1_113' title='bbox 478 2936 601 2973; x_wconf 82' lang='lat' dir='ltr'>manum</span> <span class='ocrx_word' id='word_1_114' title='bbox 620 2917 749 2989; x_wconf 67' lang='lat' dir='ltr'>papillis</span> 
     </span>
     <span class='ocr_line' id='line_1_25' title="bbox 186 3006 899 3078; baseline 0.004 -17"><span class='ocrx_word' id='word_1_115' title='bbox 186 3006 262 3072; x_wconf 84' lang='lat' dir='ltr'>Quis</span> <span class='ocrx_word' id='word_1_116' title='bbox 282 3015 357 3063; x_wconf 86' lang='lat' dir='ltr'>tune</span> <span class='ocrx_word' id='word_1_117' title='bbox 377 3007 508 3075; x_wconf 83' lang='lat' dir='ltr'>divitias,</span> <span class='ocrx_word' id='word_1_118' title='bbox 529 3008 597 3078; x_wconf 89' lang='lat' dir='ltr'>quis</span> <span class='ocrx_word' id='word_1_119' title='bbox 616 3026 724 3064; x_wconf 85' lang='lat' dir='ltr'>aurum</span> <span class='ocrx_word' id='word_1_120' title='bbox 744 3015 776 3064; x_wconf 91' lang='lat' dir='ltr'>et</span> <span class='ocrx_word' id='word_1_121' title='bbox 795 3026 899 3064; x_wconf 89' lang='lat' dir='ltr'>omnes</span> 
     </span>
     <span class='ocr_line' id='line_1_26' title="bbox 183 3096 751 3170; baseline 0.004 -18"><span class='ocrx_word' id='word_1_122' title='bbox 183 3096 268 3152; x_wconf 86' lang='lat' dir='ltr'>Assis</span> <span class='ocrx_word' id='word_1_123' title='bbox 287 3116 335 3153; x_wconf 89' lang='lat' dir='ltr'>me</span> <span class='ocrx_word' id='word_1_124' title='bbox 354 3105 444 3170; x_wconf 88' lang='lat' dir='ltr'>putet</span> <span class='ocrx_word' id='word_1_125' title='bbox 463 3099 623 3155; x_wconf 87' lang='lat' dir='ltr'>aestimare</span> <span class='ocrx_word' id='word_1_126' title='bbox 643 3100 751 3170; x_wconf 82' lang='lat' dir='ltr'>reges?</span> 
     </span>
     <span class='ocr_line' id='line_1_27' title="bbox 184 3185 730 3244; baseline 0.007 -4"><span class='ocrx_word' id='word_1_127' title='bbox 184 3185 254 3240; x_wconf 89' lang='lat' dir='ltr'>Jam</span> <span class='ocrx_word' id='word_1_128' title='bbox 273 3204 334 3241; x_wconf 94' lang='lat' dir='ltr'>non</span> <span class='ocrx_word' id='word_1_129' title='bbox 352 3188 513 3242; x_wconf 87' lang='lat' dir='ltr'>maluerim</span> <span class='ocrx_word' id='word_1_130' title='bbox 532 3188 607 3243; x_wconf 91' lang='lat' dir='ltr'>mihi</span> <span class='ocrx_word' id='word_1_131' title='bbox 625 3189 730 3244; x_wconf 88' lang='lat' dir='ltr'>beatas</span> 
     </span>
     <span class='ocr_line' id='line_1_28' title="bbox 186 3276 809 3350; baseline 0.005 -20"><span class='ocrx_word' id='word_1_132' title='bbox 186 3276 331 3343; x_wconf 77' lang='lat' dir='ltr'>Aurorae,</span> <span class='ocrx_word' id='word_1_133' title='bbox 352 3277 541 3349; x_wconf 85' lang='lat' dir='ltr'>Venerisque</span> <span class='ocrx_word' id='word_1_134' title='bbox 562 3277 673 3333; x_wconf 86' lang='lat' dir='ltr'>habere</span> <span class='ocrx_word' id='word_1_135' title='bbox 693 3284 809 3350; x_wconf 88' lang='lat' dir='ltr'>noetes,</span> 
     </span>
     <span class='ocr_line' id='line_1_29' title="bbox 185 3365 727 3422; baseline 0.006 -3"><span class='ocrx_word' id='word_1_136' title='bbox 185 3366 252 3419; x_wconf 91' lang='lat' dir='ltr'>Non</span> <span class='ocrx_word' id='word_1_137' title='bbox 270 3366 373 3421; x_wconf 88' lang='lat' dir='ltr'>Hebes</span> <span class='ocrx_word' id='word_1_138' title='bbox 392 3366 543 3422; x_wconf 85' lang='lat' dir='ltr'>thalamos</span> <span class='ocrx_word' id='word_1_139' title='bbox 562 3365 727 3422; x_wconf 87' lang='lat' dir='ltr'>beatiores:</span> 
     </span>
    </p>

    <p class='ocr_par' dir='ltr' id='par_1_9' title="bbox 186 3454 820 3522">
     <span class='ocr_line' id='line_1_30' title="bbox 186 3454 820 3522; baseline 0.006 -16"><span class='ocrx_word' id='word_1_140' title='bbox 186 3454 259 3521; x_wconf 91' lang='lat' dir='ltr'>Non,</span> <span class='ocrx_word' id='word_1_141' title='bbox 279 3455 306 3509; x_wconf 91' lang='lat' dir='ltr'>si</span> <span class='ocrx_word' id='word_1_142' title='bbox 323 3454 445 3511; x_wconf 88' lang='lat' dir='ltr'>deserat</span> <span class='ocrx_word' id='word_1_143' title='bbox 464 3455 540 3511; x_wconf 88' lang='lat' dir='ltr'>haee</span> <span class='ocrx_word' id='word_1_144' title='bbox 560 3474 650 3511; x_wconf 90' lang='lat' dir='ltr'>suum</span> <span class='ocrx_word' id='word_1_145' title='bbox 668 3455 820 3522; x_wconf 86' lang='lat' dir='ltr'>maritum,</span> 
     </span>
    </p>
   </div>
   <div class='ocr_carea' id='block_1_4' title="bbox 183 3543 840 3707">
    <p class='ocr_par' dir='ltr' id='par_1_10' title="bbox 183 3543 840 3707">
     <span class='ocr_line' id='line_1_31' title="bbox 183 3543 840 3619; baseline 0.005 -21"><span class='ocrx_word' id='word_1_146' title='bbox 183 3544 251 3598; x_wconf 86' lang='lat' dir='ltr'>Non</span> <span class='ocrx_word' id='word_1_147' title='bbox 269 3543 295 3600; x_wconf 89' lang='lat' dir='ltr'>si</span> <span class='ocrx_word' id='word_1_148' title='bbox 314 3563 360 3600; x_wconf 90' lang='lat' dir='ltr'>me</span> <span class='ocrx_word' id='word_1_149' title='bbox 381 3551 467 3616; x_wconf 87' lang='lat' dir='ltr'>roget</span> <span class='ocrx_word' id='word_1_150' title='bbox 485 3563 713 3619; x_wconf 86' lang='lat' dir='ltr'>usquequaque,</span> <span class='ocrx_word' id='word_1_151' title='bbox 732 3565 794 3601; x_wconf 91' lang='lat' dir='ltr'>non</span> <span class='ocrx_word' id='word_1_152' title='bbox 814 3546 840 3602; x_wconf 87' lang='lat' dir='ltr'>si</span> 
     </span>
     <span class='ocr_line' id='line_1_32' title="bbox 184 3633 793 3707; baseline 0.007 -19"><span class='ocrx_word' id='word_1_153' title='bbox 184 3635 350 3688; x_wconf 79' lang='lat' dir='ltr'>Aeternam</span> <span class='ocrx_word' id='word_1_154' title='bbox 369 3633 443 3688; x_wconf 92' lang='lat' dir='ltr'>mihi</span> <span class='ocrx_word' id='word_1_155' title='bbox 461 3635 609 3705; x_wconf 84' lang='lat' dir='ltr'>spondeat</span> <span class='ocrx_word' id='word_1_156' title='bbox 623 3635 793 3707; x_wconf 86' lang='lat' dir='ltr'>juventam.</span> 
     </span>
    </p>
   </div>
   <div class='ocr_carea' id='block_1_5' title="bbox 0 0 1280 4176">
    <p class='ocr_par' dir='ltr' id='par_1_11' title="bbox 0 0 1280 4176">
     <span class='ocr_line' id='line_1_33' title="bbox 0 0 1280 4176; baseline 0 1"><span class='ocrx_word' id='word_1_157' title='bbox 0 0 1280 4176; x_wconf 95' lang='lat' dir='ltr'> </span> 
     </span>
    </p>
   </div>
  </div>
 </body>
</html>
