2550 4176
248 398 422 455 Ostendant
438 398 552 470 primae
572 398 712 455 insolitos
731 398 842 456 aetatis
859 400 996 467 honores,

246 487 308 542 Olli
326 488 500 558 parturiant
519 489 573 558 qui
591 495 717 543 aeterna
736 488 826 543 laude
846 489 1026 559 triumphos.

246 576 326 644 Ergo
345 575 527 631 Parthorum
545 576 672 631 exuvias
693 583 724 631 et
742 583 829 647 parta
848 577 994 647 trophaea

246 664 374 718 Cernere
394 664 451 719 erit
470 665 653 720 referentem
672 665 761 719 illum
781 671 813 720 et
831 665 970 720 victricia
988 665 1074 737 signa

246 754 414 808 Ponentem
430 753 560 826 Solymis
577 753 662 808 felici
681 752 777 808 sidere
798 753 902 808 terris:

247 845 464 916 insignemque
484 843 615 899 Rhodon
633 843 781 899 Romanis
800 844 922 899 arcibus
941 845 1040 910 addet,

247 935 472 1007 Imperiumque
491 935 574 990 ultra
593 932 715 1002 Tigrim,
738 931 925 1004 Tanaimque
945 933 1067 987 locabit.

245 1019 294 1074 Sic
313 1019 386 1088 erit;
405 1020 463 1074 hoc
486 1025 569 1074 certo
590 1017 745 1090 praedixit
764 1015 898 1072 carmine
920 1018 1061 1072 Phoebus

244 1109 372 1165 Conscia
392 1116 423 1164 et
443 1108 509 1180 ipsa
529 1126 584 1164 suo
605 1107 707 1162 arrisit
729 1108 835 1164 Venus
855 1107 935 1161 alma
954 1106 1066 1177 nepoti.

193 1284 310 1326 S’alludo
322 1284 349 1327 in
359 1287 446 1338 questi
456 1284 547 1329 ultimi
558 1285 630 1328 versi
640 1285 696 1327 alla
705 1282 821 1337 profezia
836 1285 934 1326 venula
947 1283 992 1326 nel
1007 1284 1061 1326 1530
1076 1284 1144 1327 d’In·

153 1351 285 1404 ghilterra
302 1365 317 1393 a
331 1351 452 1400 Veneria,
467 1353 494 1395 la
509 1354 587 1406 quale
603 1351 696 1395 dioeva
709 1350 758 1394 ohe
774 1351 852 1395 Oarlo
866 1350 979 1394 avrebbe
994 1349 1143 1404 soggiogato

150 1421 224 1460 tutta
244 1418 370 1470 l’Europa
385 1419 583 1462 el’Occidente.

148 1482 200 1526 Gfr.
219 1481 403 1527 Gauooaovms.
420 1485 503 1527 Storic
519 1485 583 1527 dello
600 1484 664 1527 cerro
679 1486 705 1527 cli
720 1486 814 1536 Romc3
836 1484 889 1528 vol.
904 1494 954 1535 vni,
970 1497 993 1538 p.
1008 1484 1054 1536 298,
1071 1487 1141 1530 nota.

612 1756 672 1805 111.

306 1904 371 1970 AD
396 1904 674 1971 ILLUSTREM
699 1906 985 1974 VERONIOAM
1045 1943 1058 1955 ·

433 2006 649 2048 curcumitu
675 2009 858 2052 DOMINAM

486 2119 518 2170 (N
520 2131 679 2170 umerorum,
696 2119 752 2164 Lib.
766 2121 794 2172 1.)
878 2134 880 2139 ’

276 2281 299 2336 0
318 2279 396 2345 diva,
417 2280 544 2335 blandae
562 2298 639 2352 quae
661 2281 797 2336 citharae
816 2287 903 2350 potes

310 2371 445 2425 Mulcere
461 2370 578 2442 junctis
599 2371 784 2426 carminibus
802 2371 893 2437 ferae,

312 2461 368 2516 Oui
388 2467 510 2516 tantum
529 2460 703 2516 inaccessos
723 2477 861 2516 recessus

313 2549 471 2604 Pieridum
490 2556 651 2620 penetrare
671 2550 717 2604 fas
737 2556 802 2619 est;

275 2640 344 2695 Non
363 2647 394 2695 te
415 2640 562 2695 tacebunt
581 2640 685 2695 invida
704 2640 828 2695 saecula

312 2731 430 2803 Vivam,
450 2749 507 2785 nec
527 2731 602 2786 atris
621 2748 682 2786 nox
701 2730 836 2785 tenebris
855 2736 975 2800 premet

313 2822 388 2875 Post
406 2820 484 2875 fata:
505 2826 537 2875 at
556 2826 717 2876 aeternum
736 2819 852 2876 virenti

311 2911 431 2965 Fronde
451 2928 569 2965 comam
587 2911 717 2983 religata
735 2910 830 2967 vives.

277 2999 383 3068 Vives3
402 3016 513 3053 sonora
530 2999 611 3054 fama
631 3005 721 3054 canet
740 3000 815 3054 tuba

311 3091 407 3142 Dotes
426 3087 547 3143 honesti
565 3088 698 3159 pectoris
719 3094 751 3142 et
770 3089 851 3143 bona
889 3137 891 3141 .

312 3176 406 3242 Quoia
425 3183 489 3231 tam
508 3176 589 3232 nites
607 3178 775 3248 praeclara
790 3195 881 3248 quam
901 3177 973 3231 orbe

311 3265 361 3321 Sol
381 3265 497 3320 nitidus
517 3266 582 3321 sine
601 3266 681 3320 nube
701 3284 805 3335 opaca.

277 3355 425 3425 Vulgabit
446 3361 481 3410 ut
500 3362 535 3410 tu
555 3354 671 3410 caelibe
690 3356 819 3410 secubes

311 3444 464 3498 Contenta
483 3446 578 3499 lecto:
598 3450 634 3498 ut
652 3444 793 3499 Pallados
812 3444 931 3499 artibus

309 3535 444 3589 Exculta
463 3535 564 3601 sacris,
583 3534 627 3589 nil
646 3534 706 3589 nisi
725 3534 823 3588 altum
973 3532 977 3537 ’

311 3623 363 3678 Nil
382 3623 441 3680 nisi
461 3630 492 3680 te
513 3624 660 3679 meditere
681 3624 813 3696 dignum.
