2550 4176
701 505 745 555 II.

554 667 624 731 DE
660 663 881 730 MARTIA

595 806 712 860 (Elegiae
726 807 742 850 J
744 803 845 856 ooosoe)

249 996 274 1048 A
295 1011 343 1048 me
359 993 476 1063 juravit
495 1007 652 1060 nunqu-am
672 1006 789 1044 cessare
809 989 934 1060 Oupido,

286 1082 372 1135 'Puno
391 1098 446 1150 ego
467 1097 536 1134 oum
555 1078 674 1144 moriar,
695 1096 805 1133 saevus
826 1076 920 1135 abibit
940 1095 1032 1131 amor,

248 1169 354 1225 Juravi
373 1168 495 1240 quoties
515 1167 594 1221 collo
613 1185 767 1222 removere
789 1167 932 1222 eatenas‘?

285 1257 341 1311 Sed
360 1258 437 1311 bene
457 1272 528 1309 oum
544 1254 623 1325 juro,
644 1261 718 1309 tuno
739 1255 814 1309 bene
835 1254 917 1309 oolla
935 1253 1006 1324 ligo.

248 1347 342 1416 Saepo
362 1345 408 1399 sui
429 1337 571 1399 strictum
591 1348 719 1397 conatus
738 1344 857 1398 solvere
878 1343 1000 1408 nodum,

284 1435 360 1488 Oum
380 1451 474 1488 eonor
492 1432 605 1494 nodum
622 1433 750 1498 solvere,
766 1431 862 1503 jungo
882 1432 968 1487 duos.

248 1522 296 1576 Sic
316 1521 441 1576 minimo
461 1526 623 1576 revocatur
641 1538 733 1586 amor,
754 1519 926 1589 ‘crescitque
945 1524 1121 1590 resumptus

283 1614 324 1668 Et
342 1613 423 1668 vires
441 1611 564 1684 gemina
581 1610 693 1666 fortius
712 1618 802 1682 auget
819 1628 887 1682 ope.

247 1703 292 1757 Ut
311 1701 446 1755 noudum
464 1699 631 1768 extinctuS,
651 1700 704 1754 sed
723 1700 822 1755 adhue
841 1699 873 1754 in
891 1697 997 1770 stipite
1016 1698 1104 1755 vivos

284 1788 369 1860 Ignis
389 1790 426 1843 ab
447 1795 575 1858 aooepto
594 1788 718 1843 flamine
738 1788 834 1859 major
853 1787 919 1843 erit.

247 1879 292 1933 Ut
309 1876 336 1931 si
355 1877 424 1946 quis
442 1863 556 1932 'vulnus
576 1875 652 1930 bene
672 1894 734 1931 non
753 1875 909 1932 sanaverit
927 1890 1024 1946 aeger,

281 1966 308 2020 A
329 1964 408 2018 male
423 1969 530 2018 sanato
549 1965 678 2020 vulnere
697 1965 783 2036 pejus
801 1964 903 2020 habet.

249 2052 442 2109 credideram
460 2052 624 2123 dempsisse
641 2053 757 2124 jugum,
776 2069 932 2119 superasse
952 2050 1095 2125 furorem,

281 2140 430 2210 Quodque
449 2158 511 2196 uno
528 2137 630 2195 fuerat
649 2140 738 2195 corde
755 2139 876 2211 fugasse
895 2139 1017 2195 malum.

245 2231 316 2285 Heu
334 2229 455 2301 gravius
475 2229 575 2296 recidi,
595 2229 735 2301 graviori
753 2231 897 2285 absumor
915 2230 953 2288 ab
971 2230 1049 2300 igne·

281 2321 377 2391 Inque
395 2336 463 2374 meo
481 2319 597 2390 gravior
615 2325 738 2390 peotore
757 2319 880 2377 flamma
898 2319 984 2375 sedet

246 2409 308 2477 Qui
325 2408 420 2464 semel
438 2407 570 2464 effraeno
590 2426 655 2464 sese
674 2408 807 2479 subjeoit
826 2407 930 2476 amori,

281 2496 339 2552 Ille
358 2497 406 2552 sui
424 2496 539 2567 poterit
555 2496 632 2569 juris
650 2497 763 2552 habere
783 2497 868 2552 nihil.

246 2588 365 2659 Illoque
385 2605 446 2642 non
465 2586 581 2657 poterit
598 2586 716 2658 gravidi
735 2605 797 2642 non
816 2586 897 2643 velle
917 2586 1030 2643 furoris

281 2675 454 2741 Servitium,
473 2674 559 2730 nulla
578 2681 715 2746 tempore
735 2675 813 2731 liber
831 2674 898 2730 erit.

247 2766 401 2836 Saepeque
422 2763 570 2831 differtur,
590 2765 724 2820 sednon
744 2763 934 2835 extinguitur
953 2763 1049 2831 ardor,

282 2852 404 2924 Sopitur
421 2854 532 2925 potius,
553 2871 644 2923 quam
664 2855 752 2910 eadat
770 2853 855 2910 uilus
874 2870 966 2908 amor.

246 2943 402 2998 Montibus
421 2943 574 2999 interdum
593 2962 709 3000 vacuus
728 2944 861 2999 venabar
881 2943 913 2998 in
932 2943 1012 3010 altis,

280 3033 498 3106 Urgebantque
513 3033 610 3089 Oanos
628 3033 661 3088 in
679 3049 745 3088 mea
765 3031 829 3088 lina
842 3033 929 3090 feras.

248 3123 374 3180 Arboris
393 3123 548 3178 interdum
567 3125 718 3194 ponebam
736 3125 872 3179 membra
889 3124 946 3180 sub
964 3122 1079 3190 umbra,

282 3213 351 3278 Qua
370 3212 456 3267 daret
476 3211 601 3282 exiguae
622 3230 778 3269 murmura
795 3213 880 3268 rivus
898 3230 1003 3284 aquae.

245 3301 286 3354 Et
304 3317 385 3354 nune
403 3317 458 3370 per
476 3301 554 3355 latos
574 3317 705 3371 campos,
724 3306 757 3355 et
775 3306 866 3371 prata
886 3299 1028 3370 regebam

281 3389 318 3442 In
335 3389 442 3460 longos
461 3406 568 3444 cursus
587 3407 640 3443 ora
658 3388 770 3444 ferocis
789 3388 880 3459 Equi.

246 3480 339 3549 Saepe
360 3478 445 3551 vagis
466 3484 533 3533 tota
550 3477 704 3549 spatiabar
721 3479 826 3533 lentus
844 3476 875 3532 in
888 3478 969 3533 ‘urbe

282 3567 434 3635 Passibus,
454 3567 486 3622 in
504 3567 590 3622 nullo
609 3566 714 3622 limine
735 3574 837 3622 certus
858 3583 947 3622 eram.
