2550 4176
516 1336 738 1414 BASILIO
766 1335 994 1416 ZANCHI.

327 1547 516 1606 Poehissimo
538 1546 698 1623 sappiamo
718 1544 801 1604 della
820 1566 877 1605 sua
897 1549 974 1608 vita.
996 1549 1044 1607 Ne
1066 1549 1089 1606 il
1113 1549 1222 1625 Giovio‚

270 1642 309 1699 ne
331 1641 352 1698 il
376 1638 504 1714 eiraldi,
526 1638 619 1697 dicon
645 1637 730 1696 nulla
750 1638 783 1697 di
804 1640 858 1703 lui.
891 1641 1021 1717 Naeque
1044 1661 1062 1699 a
1086 1645 1227 1717 Bergamo

270 1732 321 1791 nel
345 1734 434 1792 1501:
463 1733 540 1790 ebbe
562 1752 581 1789 a
601 1740 737 1790 maestro
758 1733 782 1789 il
804 1733 948 1809 Rapiei03
972 1735 1000 1792 si
1021 1737 1111 1810 porte
1132 1735 1228 1810 giova-

269 1827 397 1885 nissimo
419 1844 436 1882 a
456 1825 557 1882 Roma
577 1844 593 1882 e
615 1825 665 1882 nel
690 1827 768 1884 1524
789 1830 879 1884 entr'o
907 1825 1091 1886 nell'ordiue
1114 1827 1165 1886 dei
1184 1847 1230 1886 ee-

272 1920 377 1978 nonici
393 1919 592 1977 lateranensi.
614 1918 694 1974 Mori
715 1918 747 1975 in
769 1938 863 1976 ancer
878 1920 971 1978 verde
993 1910 1044 1978 ete
1065 1919 1118 1979 nel
1134 1922 1213 1978 1558.

311 2078 430 2127 Serussr.
444 2075 549 2127 Basilii
562 2075 678 2125 xanthii
695 2075 764 2135 Vita,
776 2079 931 2138 (premessa
941 2076 1127 2128 all’edizione
1136 2077 1165 2128 di
1174 2079 1232 2127 Ber

262 2169 344 2217 gamo
362 2153 408 2203 del
428 2153 489 2201 1747
506 2152 552 2200 dei
568 2153 715 2214 Poemata).

608 2476 890 2544 SOMNIUM

628 2621 789 2673 (carminum
804 2620 870 2672 Lib.)

278 2811 344 2864 Nox
364 2815 429 2863 erat
448 2813 480 2862 et
498 2807 592 2861 tacito
611 2807 770 2877 spargebat
791 2807 904 2862 lumina
923 2810 1018 2875 eoe10,

314 2900 354 2952 Et
373 2897 468 2950 maria
487 2902 516 2950 et
536 2903 633 2950 terras
652 2903 806 2966 presserat
825 2896 888 2952 alta
907 2898 1000 2967 quies
1045 2962 1049 2970 ¹

278 2988 366 3042 Solus
386 3003 441 3056 ego
461 2985 607 3039 insomnis
626 2992 692 3039 tota
714 2985 844 3055 suspiria
862 2992 950 3041 noete

313 3078 393 3130 Dum
411 3080 524 3143 repet0,
545 3073 679 3126 lacrimis
699 3072 884 3128 immaduere
904 3091 1009 3144 genae.

277 3165 402 3236 Singula
420 3163 539 3219 fallacis
558 3163 727 3218 meditabar
746 3163 828 3217 dieta
847 3164 968 3234 puellae

312 3252 512 3308 Abstulerant
531 3270 640 3307 seusus
661 3251 798 3323 improba
816 3256 912 3309 verba
932 3270 1025 3308 meos,

277 3344 454 3399 'Peliadum
473 3343 588 3408 flemus
610 3344 729 3398 eoelum
748 3343 958 3414 splendescere
979 3344 1067 3415 cepit.

313 3432 525 3504 Fulgebatque
544 3432 640 3502 polus,
661 3449 716 3486 nee
736 3438 839 3486 tamen
858 3439 925 3486 orta
943 3432 1017 3488 dies,

278 3525 318 3578 Et
333 3521 395 3593 jam
414 3539 567 3593 purpureo
586 3521 735 3592 paulatim
751 3521 877 3576 Lucifer
896 3527 966 3577 ortu

312 3611 459 3669 Praevius
478 3615 616 3668 Aurorae
636 3618 779 3685 coeperat
797 3611 842 3667 ire
861 3629 942 3685 suae,
