2550 4176
309 409 378 465 Non
396 407 428 463 in
447 408 610 465 sarmatico
631 409 702 466 sinu

343 498 523 556 consistunt
541 499 642 569 gelido
660 498 786 554 flumina
804 497 932 570 frigore.

307 589 355 642 En
374 587 491 655 spirant
509 587 643 660 Zephyri
662 588 755 656 leves,

343 678 391 731 En
410 676 511 732 rident
528 676 622 733 variis
641 675 776 748 undique
794 675 922 732 floribus

311 764 432 837 Campi:
453 783 499 832 en,
520 766 591 820 dum
610 765 741 821 redeunt
760 783 839 832 aves,

344 855 499 910 Ornantur
516 854 627 910 viduae
645 853 805 909 frondibus
823 855 959 923 Aesculi,

311 944 352 998 Et
367 942 493 1014 junctus
512 942 642 999 Veneris
661 961 737 1014 puer

343 1035 492 1087 Laetatur
511 1033 636 1088 choreas
655 1033 767 1088 ducere
786 1032 910 1089 Gratiis.

312 1121 367 1193 Tu,
387 1121 527 1192 Corrade,
546 1127 649 1176 tamen
667 1121 715 1176 tui

344 1211 407 1265 Nec
425 1210 513 1282 ponis
532 1209 627 1266 studii
645 1211 780 1282 pondera
798 1211 931 1279 maximi,

314 1301 377 1355 Nec
396 1299 462 1356 vita
474 1299 602 1371 cupidus
621 1299 683 1354 frui

349 1388 444 1445 Curas
463 1406 500 1443 ex
519 1388 619 1443 animo
638 1389 753 1460 pellere
775 1389 903 1461 cogitas3

312 1479 370 1534 Sed
389 1493 511 1549 semper
530 1496 582 1533 cor
600 1479 696 1533 edunt
714 1477 771 1533 tibi

345 1568 500 1622 Mordaoes
519 1567 649 1623 nimium
668 1566 907 1639 sollicitudines;
983 1601 984 1604 =

309 1657 367 1712 Sed
386 1656 534 1712 desiderio
554 1655 649 1728 magis

345 1745 491 1801 Discendi
508 1744 647 1811 afficeris,
667 1744 787 1800 doctior
805 1744 837 1799 in
855 1745 931 1800 dies.

313 1836 396 1902 Quot
414 1834 522 1890 Martis
541 1835 685 1907 populum
703 1833 777 1890 feris

350 1925 447 1980 Poeni
465 1924 615 1980 militibus
634 1931 754 1980 vertere
774 1923 915 1980 funditus

316 2014 479 2070 Tentarint
497 2014 626 2084 quoties
646 2013 756 2085 quibus

348 2106 423 2160 Illos
442 2103 598 2174 Scipiadae
617 2103 743 2174 perdere
765 2101 896 2174 praeliis,

246 2225 249 2239 ·
310 2195 351 2249 Et
369 2209 497 2265 quorum
515 2191 610 2249 validi
628 2210 720 2246 manu

347 2279 455 2335 'lutari
473 2279 610 2350 patriam,
630 2279 733 2334 desine
753 2296 911 2350 quaerere.

311 2369 399 2425 Nunc
418 2369 485 2425 Chii
504 2368 619 2426 veteris
639 2369 712 2424 cado

345 2459 518 2514 Potandum
536 2458 636 2514 medio
654 2459 690 2514 de
710 2459 759 2515 die
779 2456 911 2527 amabili,

313 2550 499 2621 Spargentur
516 2555 564 2604 ter
581 2548 667 2604 humi
686 2566 780 2618 rosae,

346 2638 502 2693 Tellurem
521 2637 641 2709 quatias
661 2636 802 2709 torpedo
820 2634 931 2692 libero.

311 2728 359 2783 Ad
378 2727 542 2783 testudinis
560 2744 669 2783 aureae

346 2817 472 2882 Nereos,
492 2816 714 2886 Melpomenem
732 2815 833 2871 dicere
854 2821 885 2870 te
902 2813 1004 2886 juvet.

312 2905 400 2972 Quod
420 2904 502 2961 curis
522 2922 575 2960 cor
594 2904 736 2960 edacibus

242 3061 244 3065 ,
347 2996 378 3053 Si
396 2997 505 3062 nutriS,
525 3014 581 3051 nec
601 3014 651 3052 eas
670 2995 796 3066 dissipet
813 2993 918 3064 Evius,

310 3087 373 3141 Nec
392 3086 498 3142 dulces
518 3086 661 3158 cytharae
680 3085 769 3151 modi,

267 3185 271 3190 '
346 3175 511 3233 Gommixti
528 3175 610 3231 rosei
629 3176 708 3231 ruris
728 3174 897 3230 anoribus:

313 3265 371 3319 Ast
390 3264 458 3320 illas
476 3264 582 3319 foveat
601 3265 694 3320 Chloe

348 3353 476 3408 Mellitis
496 3354 594 3413 oeulis
612 3354 742 3426 igneque
762 3360 879 3408 mutuo.

314 3442 363 3496 Me
382 3459 455 3496 vero
473 3441 592 3498 facibus
610 3443 674 3498 suis

349 3528 416 3582 Non
435 3529 533 3585 saevis
552 3529 658 3584 itidem
671 3528 789 3602 Lygida
806 3533 932 3586 torreat.
