2550 4176
584 481 611 530 Ι.

430 639 504 707 AD
533 641 757 708 AMICAM

452 784 619 838 (Elegiarum,
635 784 692 830 Lib.
707 784 735 835 ι.)

156 974 249 1027 Nulla
268 990 351 1027 meos
370 972 484 1042 poterit
502 971 614 1027 mulier
632 978 826 1042 praevertere
846 988 955 1027 sensus

191 1063 262 1132 Ipsa
281 1061 354 1115 licet
374 1061 494 1115 coelum
511 1060 633 1132 linquat
652 1068 683 1117 et
702 1068 784 1116 astra
803 1063 917 1127 Venus,

156 1151 203 1213 Tu
222 1168 316 1221 puero
336 1150 451 1205 teneris
470 1149 549 1220 ignis
568 1150 641 1203 mihi
663 1150 778 1220 primus
797 1151 834 1205 ab
854 1149 956 1204 annis:

190 1240 310 1298 Ultima
329 1247 364 1296 iu
383 1241 513 1295 'cremulo
533 1239 654 1295 flamma
673 1239 778 1295 futura
797 1241 871 1296 seni.

155 1332 221 1385 Iam
240 1347 365 1385 sanxere
386 1330 482 1385 semel
502 1349 556 1385 nos
576 1330 657 1386 inter
675 1331 797 1386 foedera
809 1330 888 1397 Divi,

190 1420 327 1474 Foedera
345 1420 382 1474 ad
402 1425 555 1476 extremos
575 1437 636 1473 non
656 1421 805 1474 soluenda
824 1438 927 1491 rogos:

155 1508 205 1575 Ut,
224 1508 251 1564 si
269 1514 375 1564 nostra
393 1515 447 1563 tuo
467 1516 642 1578 superesset
661 1510 770 1565 funere
790 1509 862 1575 vita,

188 1596 251 1670 (Dii
269 1606 373 1653 tamen
392 1598 423 1652 in
444 1605 550 1653 venies
570 1617 658 1654 omen
677 1599 759 1653 abire
781 1598 895 1670 sinant)

153 1688 223 1759 Ipsa
242 1705 297 1759 ego
319 1688 486 1759 composibo
506 1707 671 1744 venerarer
690 1695 796 1759 operio
816 1689 955 1759 sepulcro

188 1777 271 1846 Ossa,
290 1777 392 1832 ferens
414 1784 629 1846 moestarum,
651 1795 828 1850 merumque
850 1795 950 1831 manu.

153 1867 396 1940 Umbrarumque
411 1886 497 1923 sacer
518 1875 628 1935 custos,
650 1868 823 1938 tumulique
844 1869 985 1922 sacerdos

189 1956 388 2012 Concinerem
408 1959 536 2028 querula
555 1956 655 2012 tristia
674 1957 767 2012 verba
786 1957 862 2029 lyra.

150 2045 214 2100 Nec
234 2063 283 2100 me
304 2047 463 2117 complexa
482 2045 644 2118 quisquam
663 2045 826 2101 divelleret
846 2063 931 2114 urna,

185 2133 267 2200 Quin
288 2135 384 2189 cineri
403 2135 537 2190 moriens
558 2135 663 2190 oscula
682 2152 800 2189 summa
819 2134 929 2189 darem.

151 2224 193 2278 At
212 2223 245 2290 si,
266 2224 347 2295 quod
366 2223 467 2295 potius
489 2223 589 2294 cupio,
611 2223 668 2278 ubi
686 2221 752 2276 faba
770 2221 925 2276 dedissent

185 2311 315 2366 Lumina
333 2312 466 2367 formosa
486 2312 614 2367 condere
636 2317 739 2366 nostra
758 2328 858 2375 manu,

151 2401 246 2467 Tunc,
267 2401 343 2455 mihi
364 2420 457 2472 quum
478 2419 562 2456 caros
582 2402 688 2455 vultus
709 2405 847 2470 spectare
867 2400 983 2470 liceret,

187 2494 284 2563 Atque
305 2491 405 2544 anima
424 2497 525 2546 tecum
541 2490 603 2561 jam
622 2488 759 2560 fugiente
780 2488 873 2561 loqui,

148 2582 218 2652 Ipse
237 2599 320 2635 meos
339 2582 459 2634 tumulo
480 2582 586 2636 Manes
607 2579 722 2634 laniata
741 2598 876 2646 vocares²

187 2672 284 2742 Inque
303 2676 357 2725 tuo
377 2670 495 2740 legeres
514 2687 581 2724 ossa
600 2669 717 2723 minuta
737 2670 817 2724 sinu.

148 2759 274 2814 Flebilis
294 2765 325 2813 et
346 2760 452 2828 longos
472 2758 614 2813 scindens
633 2758 670 2812 ad
688 2759 779 2814 busta
799 2759 936 2830 capillos

186 2850 339 2905 Clamares
358 2866 468 2903 nomen
484 2848 547 2919 jam
565 2848 714 2903 moritura
733 2866 841 2903 meum.

67 2996 74 3007 ,
150 2940 228 2994 'Pum
249 2938 352 3004 cineri,
374 2944 405 2992 et
424 2944 525 2992 mutae
546 2937 725 3008 persolvens
741 2939 825 3008 justa
844 2937 977 3003 favillae,

184 3029 277 3084 Mista
295 3029 382 3083 dares
401 3029 503 3083 rutilis
522 3027 589 3082 lilia
609 3045 684 3082 cana
702 3027 787 3096 rosis.

148 3119 218 3174 Illic
237 3124 355 3174 moesta
374 3117 444 3183 dice,
466 3118 531 3172 illic
552 3134 729 3173 consumere
749 3123 856 3173 noctes

184 3209 319 3280 Optares,
338 3225 395 3263 nec
415 3215 444 3262 te
464 3208 603 3263 vinceret
622 3208 700 3262 alter
720 3224 819 3276 amor;

149 3298 206 3353 Sed
225 3315 340 3353 memor
360 3314 457 3368 usque
476 3296 543 3368 viri,
565 3297 648 3351 canis
667 3296 841 3352 veneranda
860 3295 986 3367 capillis

183 3386 328 3442 Adferres
348 3385 480 3439 tremula
495 3403 626 3440 *munera
645 3403 714 3440 cara
734 3402 835 3439 manu.

148 3478 171 3533 O
190 3475 272 3541 mihi,
292 3475 365 3530 dum
383 3475 461 3530 tales
481 3476 600 3530 tumulo
620 3474 785 3530 reddantur
804 3475 942 3546 honores

185 3566 260 3621 ‘Pam
278 3566 395 3621 lentam
413 3565 558 3621 Lachesis
576 3564 694 3620 scindat
713 3581 803 3619 avara
823 3562 931 3618 colum.
