2550 4176
263 400 379 457 Urebat
398 416 492 464 coma,
511 398 670 471 myrtheus
690 397 828 468 capillus,

265 491 383 548 Urebat
402 488 526 544 tumidis
544 489 645 543 latens
664 487 794 558 papillis,

264 581 335 634 Mox
355 595 480 635 cursans
499 595 584 634 amor
601 578 661 633 huc
681 583 712 632 et
729 577 789 632 huc
809 583 840 632 et
860 577 941 644 illuc,

156 670 167 685 '
265 671 305 724 Et
322 687 377 741 per
394 676 528 740 guttura,
541 686 595 739 per
613 684 706 739 genas
725 684 892 738 manusque

266 760 305 814 Et
323 777 378 831 per
397 759 525 814 candida
544 758 623 812 colla
641 772 754 827 perque
774 756 906 811 frontem

264 850 304 903 Et
321 867 375 920 per
393 855 518 918 pectora
539 848 745 916 candidosqua
765 846 873 914 (lentie,

268 940 312 995 Ut
326 939 390 1009 jam
408 957 470 994 non
488 957 580 1006 amor,
594 941 647 996 sed
665 942 743 1013 ignis
761 945 851 995 esset.

267 1028 327 1094 Qui
345 1046 444 1083 seram
464 1046 581 1101 quoquc
603 1030 726 1086 calfacit
738 1034 906 1085 senectam.

550 1280 635 1332 v111.

418 1416 485 1482 AD
508 1413 755 1482 BATILLAM

465 1543 605 1598 (Baiarum,
621 1543 677 1586 Lib.
692 1541 718 1592 ι.)

228 1705 305 1761 Cum
323 1704 412 1770 rides,
431 1705 506 1760 mihi
525 1704 643 1760 basium
662 1703 789 1774 negasti,

226 1797 307 1849 Dum
326 1793 427 1864 ploras
446 1791 521 1846 mihi
539 1792 656 1848 basium
675 1791 798 1860 dedisti;

226 1883 298 1938 Una
316 1881 347 1935 in
367 1880 493 1937 tristitia
512 1872 610 1935 libens
629 1880 761 1950 benigna
780 1897 820 1946 es,

227 1972 297 2028 Una
315 1971 347 2026 in
364 1969 485 2025 laetitia
502 1970 610 2026 volens
628 1987 736 2024 severa
755 1986 801 2038 es;

226 2062 306 2117 Nata
325 2068 371 2117 cst
389 2063 426 2117 de
446 2061 589 2134 lacrymis
608 2060 683 2114 mihi
702 2060 851 2130 voluptas,

225 2153 271 2206 De
291 2151 354 2205 risu
371 2150 465 2205 dolor.
486 2150 510 2204 Ο
530 2147 641 2203 miselli
662 2148 816 2203 amantes!

226 2241 350 2309 Sparata
369 2238 460 2294 simul
479 2237 581 2292 omnia
600 2244 632 2292 et
653 2237 768 2291 timete.

568 2492 623 2544 IX.

307 2628 372 2694 AD
398 2628 616 2695 STELLAM
639 2627 870 2725 PUELLAM

454 2755 596 2814 (Bajarum,
612 2754 669 2800 Lib.
684 2757 711 2809 1.)
761 2730 763 2737 Ι

226 2921 305 2974 Dum
322 2916 431 2972 furtim
449 2916 523 2971 mihi
542 2916 595 2971 das
614 2933 767 2987 negasque
792 2916 914 2978 ocellos,

227 3007 420 3079 Opponisque
440 3024 571 3073 manum,
590 3005 741 3076 simulque
762 3005 851 3069 rides,

225 3096 299 3151 Post
317 3095 387 3150 hinc
406 3101 438 3150 et
456 3095 555 3151 variat
575 3095 658 3149 color
677 3112 730 3164 per
750 3113 809 3159 cra,

226 3187 266 3240 Et
285 3184 414 3256 suspiria
432 3185 512 3241 lassa
531 3185 715 3250 sentiuntur,

227 3273 372 3329 Stillatim
392 3273 467 3327 mihi
487 3274 577 3328 corda
595 3273 819 3345 deliquescunt,

227 3363 324 3418 Sudor
342 3369 480 3435 tempora
496 3361 627 3434 frigidus
646 3369 792 3434 pererrat,

228 3455 268 3508 Et
285 3451 397 3523 passim
417 3458 531 3507 tremor
550 3452 668 3508 ossibus
686 3459 824 3522 vagatur,

228 3541 272 3596 Ut
290 3558 398 3596 sensus
416 3540 552 3597 animum
570 3548 694 3612 repente
713 3541 862 3612 linquent,

228 3632 272 3687 Ut
290 3632 360 3686 fiam
378 3628 470 3684 miser
489 3637 520 3686 et
537 3631 646 3685 beatus
665 3649 733 3685 una.
