2550 4176
230 405 336 458 Vacua
355 411 449 471 antra,
469 404 580 477 quibus
599 405 715 460 celeres
734 404 837 478 Satyri

231 493 375 549 Tendunt
394 494 508 549 teneris
528 493 606 548 retia
624 494 782 566 Nymphis

230 583 350 636 Montes
370 582 487 648 tumidi,
507 583 658 637 montium
678 590 709 637 et
729 583 823 654 ampli

231 671 341 736 Saltus,
360 671 413 726 ubi
432 672 583 727 formosae
602 672 740 744 Dryades

157 786 159 790 >
230 762 357 815 Ducunt
376 761 508 830 choreas,
527 760 684 832 flectitque
707 761 814 816 choros

230 848 328 903 Diana
346 867 454 915 sacros,
476 849 603 904 comites
622 850 713 905 niveo

231 938 311 991 Dum
330 943 444 991 terram
462 937 606 1010 quatiunt
625 938 705 1008 pede,
725 939 821 995 roseis

230 1026 332 1095 Atque
352 1043 389 1080 ex
408 1027 505 1081 oculis
525 1027 644 1098 spicula
659 1026 788 1097 jaciunt,

232 1116 271 1168 Et
290 1114 434 1182 flammas,
455 1116 565 1186 quibus
584 1123 679 1171 urunt
699 1117 794 1174 Divos

232 1203 343 1259 Omnes
362 1210 523 1272 terrarum,
544 1223 646 1260 omnes
666 1206 764 1274 Coeli;

233 1291 329 1347 Divae
351 1311 455 1348 omnes
474 1312 634 1349 nemorum
655 1301 685 1349 et
704 1296 870 1367 sylvarum,

233 1381 340 1450 Panes,
361 1382 466 1448 Fauni,
487 1383 620 1438 Numina
640 1385 730 1453 ruris,

236 1472 346 1525 Nostra
363 1471 530 1526 Hermione
550 1472 648 1528 festus
668 1474 751 1528 urbis

235 1558 369 1629 Fugiens
389 1559 481 1614 rheda
500 1567 640 1631 properat
659 1562 779 1616 volucri

205 1692 207 1696 .
237 1651 356 1706 Patrios
376 1652 413 1706 ad
433 1670 529 1723 agros,
550 1671 623 1707 arva
641 1653 679 1707 ad
697 1653 781 1708 laeta

238 1737 360 1793 Lambit
378 1738 466 1809 riguo
486 1757 563 1810 quae
583 1740 683 1794 Padus
702 1758 790 1794 amne

235 1828 335 1882 Padus
355 1827 553 1882 humentibus
572 1829 653 1883 ulvis
673 1829 800 1886 cinctus.

236 1916 326 1971 Altae
347 1917 445 1972 celsos
463 1917 574 1972 frontis
593 1917 730 1987 honores³

237 2005 331 2060 Venit
352 2006 518 2062 Hermione
536 2007 678 2077 pulchras
698 2007 779 2063 inter

236 2094 338 2148 Prima
357 2095 488 2165 puellas:
508 2102 540 2149 at
560 2113 620 2162 voe,
641 2096 736 2152 Divae

237 2182 369 2254 Divique
389 2201 501 2248 omnes,
521 2184 574 2255 qui
593 2202 681 2254 agros
702 2184 813 2255 colitis,

239 2271 419 2345 Vitreosque
440 2273 533 2339 lacus,
554 2280 675 2328 servate
694 2292 778 2330 meos

237 2360 336 2432 Ignes,
356 2359 487 2415 animam
505 2369 626 2417 servate
645 2380 752 2418 meam.

238 2448 318 2504 Solis
337 2449 414 2504 radii
432 2468 493 2505 non
512 2451 650 2507 inficiant

240 2539 353 2594 Oculos
371 2540 495 2613 nitidos,
515 2542 625 2597 faciem
644 2550 675 2598 et
694 2543 822 2600 niveam.

238 2629 370 2684 'Perieras
388 2630 509 2700 plantas
527 2630 696 2703 mollesque
715 2651 822 2690 manus

241 2718 364 2774 Hirsuti
382 2737 420 2774 ne
442 2737 549 2791 vepres
568 2726 714 2776 resecent.

241 2803 359 2858 Sileant
377 2805 501 2871 Boreae,
521 2810 645 2858 taceant
664 2805 778 2872 Austri,

243 2891 443 2963 Intemperies
462 2893 558 2948 lateat
577 2894 670 2960 Coeli,

241 2983 343 3037 Aurae
364 2989 397 3036 et
417 2989 526 3037 tenues
545 2984 736 3056 Zephyrique
757 2985 843 3040 leves

242 3072 364 3143 Spirent
383 3072 531 3145 undiqu03
552 3075 652 3144 pictae
672 3075 771 3132 violas

237 3159 387 3215 Referant
405 3161 502 3216 velles
520 3168 682 3233 gratesque
701 3181 791 3219 rosas.

239 3249 320 3303 Lilia
340 3249 467 3304 candida
486 3256 651 3307 nascantur
669 3252 756 3322 agria.

242 3338 402 3393 Resonant
421 3337 506 3392 dumi
526 3346 675 3394 conuenta
695 3342 798 3397 avium

242 3426 419 3498 Itylumque
438 3432 540 3497 gemat
560 3426 689 3483 Thracia
707 3431 808 3500 pellex

244 3515 323 3574 Avia
343 3515 495 3589 complens
517 3517 650 3577 carmine
670 3538 786 3578 resono.
