2550 4176
994 281 1046 336 145

130 385 187 438 Est
206 383 322 455 cupidis
340 383 438 440 flavus
457 384 547 452 color,
568 391 660 441 estet
678 385 850 447 amantibus
869 392 967 458 aptuS,

166 474 206 527 Et
224 472 334 528 scortis
352 479 385 529 et
403 472 489 544 queis
507 491 577 544 spes
595 490 651 528 sua
670 481 753 530 certa
770 473 840 530 fuit.

130 562 173 616 At
190 562 282 617 ruber
301 568 433 617 armatos
452 562 570 633 equites
591 571 719 619 exornat
737 563 876 630 amiotus,

165 649 285 706 Indicat
304 657 335 705 et
354 669 464 720 pueros
483 652 642 707 erubuisse
662 653 768 723 pudor.

130 741 295 796 Ooeruleus
314 747 432 807 nautas,
454 748 485 796 ct
505 741 557 813 qui
576 743 720 798 coelestia
738 749 826 798 vates

164 830 301 886 Attoniti
318 831 412 885 nimia
430 831 593 902 relligione
612 840 730 903 petunt.

129 918 212 975 Vilia
230 927 302 975 sunt
320 920 412 992 gilvis
430 921 594 993 nativaque
615 922 731 977 vellera
750 921 839 978 birris

166 1007 277 1074 Qualia
294 1007 464 1079 lignipedes
482 1011 619 1080 stragula
637 1011 747 1066 habere
760 1011 872 1066 solent.

131 1097 230 1163 Quem
249 1115 340 1152 curae
359 1097 499 1168 ingentes
519 1098 666 1166 cruciant,
686 1100 737 1155 vel
755 1099 837 1154 zelus
857 1097 976 1168 amoris,

166 1187 305 1243 Creditur
323 1187 373 1242 hic
391 1186 478 1243 fulva
497 1205 559 1242 non
577 1188 657 1244 male
677 1195 760 1245 veste
781 1189 852 1260 tegi.

131 1279 276 1348 Quisquis
289 1285 371 1334 sorte
390 1297 446 1334 sua
459 1285 629 1350 contentae,
646 1279 786 1350 janthina
804 1286 913 1351 gestet,

165 1369 319 1422 Fortunae
339 1359 527 1440 aequanimis
546 1367 647 1424 taedia
665 1368 777 1440 quique
797 1368 885 1423 ferat.

129 1457 174 1514 Ut
193 1457 277 1513 varia
295 1465 341 1514 est
358 1465 470 1514 natura
489 1458 642 1514 coloribus
662 1458 694 1514 in
711 1458 880 1530 gignendis,

167 1545 216 1602 Sic
234 1545 303 1602 aliis
323 1545 414 1612 aliud,
434 1546 487 1602 sed
505 1563 561 1602 sua
581 1546 690 1616 cuique
710 1548 841 1618 placent.

546 1769 590 1821 11.

312 1919 363 1986 IN
387 1919 611 1988 STATUAM
637 1919 817 1988 AMORIS

343 2064 348 2074 '
419 2055 623 2107 (Emblematum
643 2055 709 2108 Lib.)

94 2213 172 2280 Quis
191 2212 232 2268 sit
250 2215 344 2268 Amor
362 2215 465 2284 plures
487 2214 558 2269 olirn
579 2213 715 2269 cecinere
736 2220 853 2285 poetae,

131 2302 205 2372 Ejus
224 2302 277 2373 qui
295 2302 380 2357 vario
400 2304 521 2358 nomine
541 2310 628 2374 gesta
646 2302 758 2357 ferunt.

95 2391 248 2446 Convenit
266 2391 331 2458 hoc,
352 2393 432 2464 quod
451 2399 535 2448 veste
555 2399 649 2461 caret,
670 2393 750 2463 quod
769 2410 894 2463 corpore
912 2410 1024 2462 parvus

131 2481 213 2546 Tela,
234 2481 356 2552 alasque
376 2480 487 2550 ferens,
508 2482 626 2536 lumina
643 2482 730 2536 nulla
748 2487 843 2536 tenet.

94 2570 179 2625 Haec
200 2588 260 2636 ora,
280 2570 329 2624 hic
348 2570 528 2642 habitusque
549 2569 608 2626 Dei
627 2577 681 2636 est,
701 2570 752 2624 sed
773 2569 873 2625 dicere
893 2575 996 2626 tantos

131 2659 162 2715 Si
180 2659 254 2715 licet
272 2660 304 2712 in
323 2666 416 2726 vates
435 2658 514 2715 falsa
533 2661 656 2716 subesse
676 2676 752 2713 reor.

96 2752 137 2805 Et
157 2768 211 2804 cur
229 2750 328 2806 nudus
348 2750 437 2820 agat?
456 2749 534 2804 Divo
554 2748 641 2820 quasi
659 2747 753 2819 pallia
771 2746 881 2813 desint,

131 2839 192 2905 Qui
211 2845 338 2893 cunctas
357 2837 464 2891 domiti
483 2837 617 2908 possidet
637 2835 717 2891 orbis
737 2854 817 2906 opes.

95 2931 159 2984 Aut
178 2927 237 2998 qui,
259 2943 378 2998 quaeso,
399 2925 485 2981 nives
504 2928 692 2996 Boreamque
715 2925 845 2980 evadere
865 2925 964 2980 nudus

131 3017 276 3088 Alpinum
294 3016 395 3087 potuit
414 3016 581 3085 strictaque
601 3022 689 3086 prata
707 3015 798 3086 gelu?

95 3107 126 3165 Si
144 3124 219 3179 puer
239 3113 294 3170 est,
313 3124 484 3177 puerumne
504 3123 596 3159 vocas
616 3104 669 3176 qui
688 3105 817 3159 Nestora
836 3103 952 3160 vincit?

133 3199 180 3252 An
199 3195 282 3250 nosti
300 3195 426 3250 Ascraei
446 3194 581 3251 carmina
600 3195 690 3248 docta
709 3192 809 3248 senis?

95 3287 277 3341 Inconstans
297 3302 373 3355 puer
391 3283 449 3351 hic,
470 3283 621 3338 obdurans
639 3288 765 3353 pectora
784 3301 860 3354 quae
877 3281 940 3354 jam

131 3371 311 3439 Transadiit,
330 3390 488 3443 nunquam
506 3372 643 3442 linquere
664 3377 772 3440 sponte
792 3377 902 3441 potest.

94 3464 137 3518 At
155 3462 313 3532 pharetras
332 3468 364 3516 et
383 3463 444 3516 tela
462 3460 548 3532 gerit,
569 3458 642 3531 quid
660 3458 771 3514 inutile
790 3459 928 3530 pondus?

132 3555 180 3609 An
200 3569 327 3608 curvare
346 3550 448 3606 infans
467 3567 581 3605 cornua
599 3549 675 3604 dura
692 3548 797 3607 valet?

110 3797 139 3841 10
153 3819 178 3828 -
192 3793 280 3841 Coena,
296 3794 354 3842 Ant.
370 3796 434 3842 dello
449 3796 522 3842 lirino
538 3796 628 3841 latiae.
