2550 4176
702 560 745 612 11.

567 712 631 780 AD
655 711 872 779 LYCORIM

590 827 757 910 lcarminum
778 852 845 906 le.)

389 1046 550 1102 Ofactum
568 1044 754 1099 lacrimabile
774 1051 865 1116 atque
886 1042 1043 1099 acerbum!

390 1135 477 1189 Nunc
496 1140 579 1189 certe
598 1132 810 1200 lacrimaberis,
830 1132 958 1205 Lycori:

390 1225 488 1293 Digna
505 1242 554 1278 res
571 1222 705 1277 lacrimis
725 1227 840 1293 tuoque
859 1221 956 1276 lucta.

390 1314 527 1384 Namque
546 1312 663 1366 lumina
684 1317 796 1378 nostra,
815 1309 931 1365 lumina
949 1309 1011 1377 illa,

390 1402 449 1456 Illa
467 1401 591 1468 lumina,
611 1419 695 1470 quae,
715 1400 836 1472 Lycori,
854 1401 983 1466 amabaS,

392 1491 476 1557 Quae
494 1490 556 1544 tuis
575 1489 667 1544 solita
687 1487 838 1544 anteferre
857 1487 970 1555 ocelliS,

391 1580 459 1634 Non
477 1585 559 1646 sunt,
579 1597 596 1633 o
616 1597 682 1632 mea
700 1579 763 1646 lux,
782 1577 909 1631 amanda
928 1580 964 1630 ut
982 1581 1069 1645 ante;

391 1668 458 1722 Non
477 1674 549 1724 sunt
567 1668 690 1736 lumina,
710 1668 763 1722 sed
782 1667 879 1721 malae
899 1666 1051 1721 tenebrae.

391 1761 456 1829 Illa,
472 1768 509 1816 ut
527 1759 621 1831 impia
638 1759 703 1814 fata
722 1765 762 1829 te,
781 1756 900 1831 Lycori,

391 1851 554 1906 Abstulerc
574 1849 656 1917 mihi,
676 1856 789 1920 tuoque
810 1849 898 1919 longe

390 1940 440 1994 Me
460 1957 477 1992 a
495 1938 586 1994 vultu
604 1938 729 1993 voluere
751 1939 856 1992 abesse
877 1953 954 2002 caro,

392 2029 429 2106 In
448 2027 530 2082 rivos
549 2027 651 2082 abiere
669 2026 876 2082 lacrimarum:

317 2145 321 2154 ·
394 2121 536 2188 Quotque
557 2117 695 2184 amarius,
716 2122 808 2188 atque
827 2122 948 2187 praeter
967 2132 1088 2170 omnem

394 2205 600 2261 Lacrimabile'
614 2205 839 2276 cogitationem,

396 2292 682 2362 Quantumcumque
700 2290 831 2345 habuere
852 2289 1053 2355 lacrimarum,

396 2382 416 2436 J
419 2380 584 2451 ampridcm
603 2399 779 2436 emovuere:
799 2399 881 2436 nuno
899 2382 936 2436 ad
955 2380 1055 2451 ipsum

395 2471 530 2525 Ventum
550 2475 596 2523 est
615 2469 802 2540 sanguinem,
824 2471 861 2525 ab
880 2469 1048 2540 intimoque
1069 2466 1169 2522 cordis

395 2559 495 2613 Ducto
513 2557 638 2612 flumine
658 2558 779 2628 turgidi,
797 2558 970 2630 horridique

394 2646 578 2718 Sanguinem
596 2647 758 2702 lacrimant
777 2648 888 2703 miselli
907 2647 1004 2716 ocelli,

395 2739 436 2792 Et
455 2755 524 2792 oum
542 2735 689 2808 sangnine
709 2744 810 2792 amata
827 2735 937 2793 diffluit
955 2738 1022 2808 lux,

394 2828 439 2881 Ac
459 2825 502 2881 sic
523 2842 670 2880 enecuere
690 2844 780 2898 seque
801 2844 919 2899 meque,

394 2918 476 2972 Dum
494 2932 594 2970 meum
613 2915 717 2971 miseri
735 2915 859 2988 igneum
877 2917 1013 2972 furorem

395 3005 551 3071 Quaerunt
569 3004 687 3060 diluere
707 3011 738 3060 et
756 3004 854 3077 rigare
873 3012 1014 3076 mentem,

395 3097 466 3150 Heu
486 3099 629 3163 mentem,
647 3095 802 3165 Enceladi,
822 3095 1018 3168 Typhoeique

396 3187 548 3241 Aestuosa
565 3183 666 3241 anima
684 3186 910 3244 aestuosiorcm.
