2550 4176
284 407 377 462 Nulla
395 405 507 478 injurie
524 405 614 471 facta,
634 406 720 460 nulla
738 402 825 460 vobis

271 495 338 558 ,Vis
358 495 459 562 allata,
479 496 576 550 malae
595 494 764 566 impiaeque
785 491 897 563 spinae.

285 584 354 639 Non
373 602 436 653 voe,
455 585 509 640 sed
526 583 667 639 dominus
685 582 814 639 virentis
833 581 898 651 agri

285 675 341 728 Est
359 674 481 729 Marcus
500 690 597 742 meus3
617 672 670 728 ille
689 673 809 742 quando
828 679 965 728 vestrum

285 764 415 818 Factum
432 762 596 832 intelliget,
616 761 695 816 haud
713 761 791 816 feret
810 779 917 817 sereno

284 851 383 908 Vultu
401 868 457 906 nec
476 851 541 907 sine
561 851 692 905 maxime
710 850 839 904 ultione.

284 940 413 996 Audetis
432 940 568 1008 nimium,
588 957 626 994 an
645 938 761 1010 putetis
781 956 846 994 esse

285 1031 451 1085 Pulchrum
470 1030 573 1086 ledere
593 1029 637 1083 sic
655 1029 749 1084 bonas
767 1029 905 1099 puellas?

284 1120 437 1175 Scelestae
460 1119 563 1174 ordine
583 1135 638 1173 vos
656 1117 773 1173 hebetis
792 1134 897 1172 omnes

283 1208 363 1276 Uno,
384 1226 436 1264 vos
457 1207 549 1263 etiam
567 1207 674 1278 pedem
692 1206 876 1278 Aphrodites

283 1299 430 1354 Divinum
448 1299 587 1368 Venerio,
607 1300 740 1355 seduna
758 1316 857 1369 poena

284 1387 461 1445 Ulciscetur
480 1395 511 1443 et
529 1389 587 1443 hoc
607 1394 638 1443 et
657 1387 734 1442 illud
754 1388 826 1441 olim

284 1476 408 1534 Scilicet
427 1485 497 1533 cute
515 1478 652 1534 sauciata
670 1496 787 1534 summa
806 1485 860 1544 est,

284 1568 329 1623 Ut
347 1585 491 1639 persaepe
511 1567 587 1622 alies
606 1568 730 1634 solebat,
751 1568 831 1622 unde

283 1654 344 1711 Vix
361 1654 461 1725 prurit
479 1661 553 1709 note
573 1655 708 1711 vulneris
725 1656 839 1727 pusilli.

284 1744 326 1796 At
344 1743 440 1798 sensit
457 1743 553 1814 digito
572 1744 675 1815 puella
693 1745 775 1801 laeso

284 1832 391 1886 Altum
411 1834 500 1888 corde
520 1840 644 1902 metum,
663 1853 786 1889 manum
805 1841 837 1890 et
855 1835 1006 1891 nitentem

283 1920 376 1975 Fudit
394 1939 546 1993 purpureo
565 1923 681 1995 liquore
702 1924 835 1996 sanguis,

283 2009 373 2065 Unde
393 2010 542 2081 expalluit
561 2011 657 2066 illicet
675 2013 824 2067 relabens,

283 2099 331 2154 Ah
350 2098 410 2154 nisi
429 2100 553 2154 comites
572 2100 641 2155 sinu
661 2101 744 2156 fideli

285 2189 437 2245 Tulisscnt
455 2190 566 2245 misera
584 2190 719 2247 redivem
738 2191 769 2246 in
787 2193 880 2249 herbe

284 2279 478 2350 Aspersuque
497 2279 629 2334 animam
648 2280 710 2336 levi
728 2290 891 2338 vocassent

282 2372 388 2437 Retro,
407 2389 489 2426 nnnc
509 2379 560 2426 eet
577 2372 690 2427 inferas
708 2391 763 2444 per
782 2392 856 2441 oras,

284 2460 385 2516 Nullis
403 2461 483 2516 unde
502 2462 607 2517 datum
625 2469 673 2518 est
691 2463 798 2533 pedem
816 2464 942 2520 referre.

283 2549 411 2615 Quando
430 2568 484 2605 vos
503 2550 616 2623 aliquid
635 2552 781 2622 pudebit?
800 2552 843 2608 ite

283 2639 340 2708 lte,
360 2639 519 2710 opprobria
537 2658 655 2696 summa
673 2641 818 2697 Fancioli.
