2550 4176
229 335 266 390 32

245 440 287 494 At
305 438 379 495 mihi
396 441 423 496 si
440 442 548 514 legem,
567 443 688 508 Parcae,
708 441 893 513 imposuistis
912 441 1040 512 amandi,

280 528 311 582 Si
330 528 441 587 vostris
458 532 534 588 haec
554 541 602 589 est
621 539 703 589 meta
720 533 854 604 petenda
871 533 956 598 rotis,

244 619 357 674 Laetor
375 620 484 676 siderei
503 623 609 678 vultus
629 623 708 693 quod
728 622 858 694 imagine
880 640 992 693 carpar,

280 710 410 775 Qualem
428 729 489 773 non
507 719 592 768 aetas
610 712 723 769 viderit
742 712 806 767 ulla
825 711 918 782 priua.

244 799 312 853 Hoc
332 799 412 855 vires
432 802 547 856 Natura
565 820 635 858 suas
654 800 764 858 effudit
782 802 815 857 in
833 819 902 868 uno,

280 895 320 948 Et
339 893 455 960 mirata,
477 913 566 950 suum
585 895 637 952 vix
657 913 732 966 opus
751 912 817 950 esse
836 898 933 964 putat.

245 982 276 1037 Si
294 983 379 1037 Paris
397 983 476 1038 hanc
494 983 605 1040 faciem
623 985 757 1058 Phrygia
775 983 901 1041 vidisset
918 981 951 1036 in
969 981 1031 1047 Ida,

281 1072 339 1126 Illo
358 1091 419 1128 non
438 1073 513 1129 isset
527 1073 628 1146 judice
649 1074 746 1145 prima
764 1075 878 1129 Venus.

244 1161 325 1216 Huic
345 1162 453 1216 merito
473 1163 575 1232 potuit
593 1164 670 1218 Iuno
689 1162 834 1218 invidisse
854 1162 978 1232 figurae,

276 1253 336 1308 Sub
355 1252 428 1306 Iove
447 1252 474 1307 si
491 1252 596 1322 primis
614 1259 688 1307 nata
705 1251 817 1307 fuisset
836 1250 910 1307 avis.

243 1342 331 1395 Hanc
350 1347 395 1410 tu,
420 1341 447 1396 si
465 1340 572 1413 sapias,
593 1341 696 1412 potius
714 1357 767 1412 pro
786 1338 919 1396 Gnosida
939 1338 1037 1394 velles

281 1433 317 1485 In
337 1432 457 1485 coelum
476 1449 575 1497 curru,
595 1430 723 1496 Bacche,
742 1429 850 1486 tulisse
870 1435 933 1484 tuo.

247 1521 356 1576 Cetera
375 1538 444 1575 cum
462 1520 603 1576 dederint
621 1520 728 1591 Superi
747 1519 810 1584 tibi,
830 1518 934 1575 deerat
952 1523 1072 1572 amator

281 1610 340 1677 Qui
360 1616 481 1665 caneret
500 1610 593 1677 dotes,
614 1628 683 1665 cara
700 1609 811 1680 puella,
830 1614 909 1663 tuas.

245 1699 313 1768 Ipse
332 1716 388 1769 ego
407 1698 469 1754 tale
489 1697 602 1770 aliquid
621 1699 707 1753 modo
725 1697 752 1753 si
769 1695 948 1767 promittere
967 1711 1101 1766 possum,

281 1787 472 1860 Castalioque
492 1787 568 1843 bibit
586 1787 613 1842 si
632 1805 700 1842 mea
718 1786 802 1842 fonte
820 1783 895 1851 sitis,

245 1872 415 1944 Ingenium,
434 1880 626 1946 mentemque
645 1873 709 1938 tibi,
729 1871 870 1938 formosa,
889 1869 1003 1936 dicabo,

279 1966 320 2020 Et
337 1963 450 2020 nostris
469 1965 524 2020 fies
541 1964 653 2019 nobilis
672 1964 736 2034 ipsa
754 1961 846 2018 sonis.

246 2054 308 2109 Vos
327 2053 436 2122 quibus
455 2053 588 2124 adspirat
606 2052 682 2108 flatu
700 2052 825 2108 fortuna
842 2052 985 2119 secundo,

280 2142 343 2195 Nec
362 2141 475 2196 resides
494 2141 595 2198 virtus
614 2142 677 2196 alta
691 2141 792 2212 jacere
812 2139 893 2207 sinit,

245 2234 307 2288 Vos
325 2232 414 2287 decet
433 2239 574 2287 aeternae
592 2231 755 2303 praeconia
775 2247 920 2303 quaerere
941 2228 1048 2296 laudis,

279 2321 408 2377 Sublimi
428 2321 548 2393 eloquio
568 2322 752 2392 belligerave
771 2338 873 2376 manu.

244 2413 285 2467 At
304 2409 378 2465 mihi
394 2408 558 2466 formosam
576 2409 651 2466 satis
671 2416 716 2466 est
735 2409 881 2465 cecinisse
900 2407 1041 2479 puellam,

279 2503 364 2556 Haec
383 2499 491 2567 studia,
512 2500 565 2555 has
583 2505 675 2568 artes,
694 2499 768 2555 haec
788 2516 843 2568 ego
863 2496 942 2553 bella
955 2513 1075 2568 sequar.

243 2589 371 2646 Caerula
389 2596 559 2661 prostratae
580 2588 779 2659 proscindunt
798 2605 930 2660 aequora
950 2585 1073 2654 classes,

278 2680 420 2735 Proxima
439 2681 492 2736 sed
510 2681 591 2737 radit
605 2680 717 2747 littora,
738 2698 830 2751 parva
844 2678 935 2748 ratis;

242 2768 289 2824 Sic
308 2786 373 2838 ege,
394 2768 444 2823 cui
462 2775 554 2824 tenue
575 2767 741 2840 ingenium,
762 2767 853 2822 nimis
874 2766 968 2821 ardua
986 2763 1131 2836 linquam,

278 2859 319 2913 Et
337 2857 412 2912 satis
432 2864 486 2924 est,
506 2856 532 2911 si
551 2874 599 2911 me
619 2856 703 2912 culta
721 2855 825 2927 puella
843 2855 958 2926 probet.

244 2947 290 3001 Tu
308 2946 405 3011 modo,
424 2945 571 3016 Nympha,
589 2944 667 3000 velis
685 2944 806 3015 paribus
827 2942 1009 2998 contendere
1029 2939 1157 2996 flammis

280 3036 365 3101 Quae
384 3033 461 3088 facie
482 3039 624 3104 praestat,
646 3032 790 3088 convenit
810 3050 876 3088 esse
897 3031 986 3102 piam.

244 3124 368 3179 Odimus
387 3124 516 3190 Iasiden,
537 3122 683 3195 quoniam
703 3121 832 3177 crudelis
851 3121 974 3191 amanti,

279 3212 481 3284 Asperiorque
501 3211 564 3266 suis
583 3211 709 3281 rupibus
728 3210 782 3266 illa
799 3209 870 3266 fuit.

244 3301 392 3373 Tyndaris
410 3301 505 3356 Iliaco
523 3300 549 3357 si
567 3300 643 3355 dura
660 3299 770 3356 fuisset
788 3299 911 3369 amanti,

278 3392 345 3446 Non
364 3391 408 3447 ita
426 3390 565 3447 Maeonio
586 3389 720 3445 carmina
737 3395 811 3445 nota
829 3390 917 3444 foret.

244 3479 375 3553 Cynthia
393 3481 474 3536 clara
492 3480 600 3545 minus,
619 3477 815 3551 Nemesisque
835 3477 990 3534 obscurior
1009 3483 1102 3546 essct,

281 3568 339 3623 Sed
358 3567 457 3626 facilis
477 3567 622 3634 Nemesis,
644 3566 775 3640 Cynthia
793 3566 876 3622 mitis
895 3572 968 3621 arat.
