2550 4176
717 375 786 427 VII.

357 527 408 591 IN
432 525 673 591 TUMULUM
700 524 897 592 LAURAE
921 524 1144 593 PUELLAE

573 669 805 724 (Epigrammaton,
821 666 878 712 Lib.
892 668 919 721 ι.)

316 831 357 883 Et
375 827 515 884 lacrimas
535 826 628 883 etiam
646 827 752 899 Superi
771 828 835 896 tibi,
855 830 965 904 Laura,
984 831 1150 889 dedissent:

350 919 409 974 Fas
429 917 521 973 etiam
540 918 671 988 Superos
690 918 717 972 si
734 918 892 975 lacrimare
913 920 1001 976 foret.

315 1007 403 1075 Quod
421 1008 523 1079 potuit
541 1013 653 1074 tamen,
673 1015 796 1064 auratas
815 1010 896 1064 Puer
913 1010 967 1066 ille
986 1010 1115 1083 sagittas
1178 1008 1181 1013 ⁴

349 1097 462 1170 Fregit,
481 1103 515 1152 et
534 1096 700 1152 exstinctas
719 1104 836 1153 moesta
854 1099 987 1171 Erycina
1005 1099 1098 1156 faces.

314 1187 372 1242 Sed
391 1185 531 1256 quamvis
548 1185 686 1241 homines
706 1191 833 1259 tangant
852 1193 907 1243 tua
924 1187 996 1256 fata,
1017 1192 1166 1262 Deosque,

348 1274 432 1330 Nulli
451 1274 588 1342 flebilior,
609 1294 699 1347 quam
717 1276 799 1343 mihi,
819 1276 893 1347 vita,
909 1277 1014 1349 jaces(

312 1364 431 1421 Felices
450 1363 576 1431 animae,
596 1365 706 1434 quibus
725 1365 750 1421 is
769 1383 867 1421 comes
886 1365 951 1437 ipsa
970 1385 1024 1438 per
1042 1369 1177 1439 umbras;

349 1455 390 1509 Et
408 1453 498 1508 datur
516 1454 656 1525 Elysium
674 1454 718 1510 sic
735 1455 872 1510 habitare
892 1472 1008 1513 nemus.
1037 1510 1039 1515 .

700 1782 785 1833 VHI.

522 1931 573 1996 IN
597 1930 816 2036 GEMMAM‘
831 1927 960 1996 SUAM

568 2072 800 2127 (Epigrammcton,
817 2073 874 2117 Lib.
888 2072 915 2124 r.)

270 2237 356 2291 Haec
376 2233 449 2289 mihi
468 2252 545 2306 quae
564 2251 667 2289 roseos
683 2232 775 2305 jussit
793 2233 915 2288 sordere
934 2233 1124 2306 hyacinthos,

304 2327 345 2380 Et
364 2324 442 2379 nitet
461 2322 599 2378 articulis
617 2322 709 2377 unica
726 2339 846 2392 gemma
864 2322 948 2389 meis

270 2413 363 2468 Cuius
382 2412 414 2466 in
432 2411 542 2484 exiguo
561 2414 679 2467 Ductor
696 2415 759 2466 stat
778 2411 904 2466 Troicus
923 2412 1002 2479 orbe,

304 2501 513 2570 Anchisesque
533 2518 634 2573 senex,
654 2499 866 2570 Ascaniusque
886 2518 974 2571 puer:

268 2589 344 2656 Quis
364 2589 486 2644 credat?
504 2595 625 2646 veteres
643 2588 724 2644 inter
742 2589 884 2660 neglecta
902 2588 1005 2644 ruinas

303 2681 344 2734 Et
362 2679 418 2735 vili
435 2679 527 2734 latuit
546 2679 743 2750 semisepulta
761 2679 835 2733 solo.

268 2770 315 2824 'Pu
333 2774 436 2823 tamen
456 2769 614 2838 obrueras;
634 2785 690 2822 nec
709 2772 749 2832 te,
769 2766 919 2833 Sinuessa,
939 2768 1071 2837 pudebat

302 2860 370 2914 Hoc
387 2857 480 2912 decus
499 2857 560 2913 heu
580 2856 671 2912 terris
690 2855 862 2912 occuluisse
882 2855 953 2912 tuis.

266 2947 392 3002 Scilicet
410 2949 535 3002 Aenean
553 2947 726 3017 Natumque
746 2946 932 3015 Patrumque
951 2953 1111 3017 gerentem

302 3034 427 3106 Ignibus
447 3040 565 3091 erectos
585 3035 788 3104 obrueresque
807 3033 910 3088 Deos?

266 3125 394 3178 Parcere
415 3124 570 3189 debueras,
591 3123 641 3178 cui
655 3123 719 3195 jam
737 3122 786 3194 pia
804 3121 925 3177 flamma
942 3125 1088 3194 pepercit,

300 3215 363 3269 Nec
382 3220 412 3269 te
433 3221 496 3268 tam
515 3214 599 3285 turpi
617 3214 800 3268 dedecorare
820 3219 903 3267 nota.

265 3300 307 3357 Et
325 3301 461 3358 dubitem
480 3303 649 3374 Belgasque
668 3302 758 3368 feros,
778 3300 950 3375 rigidosque
971 3303 1134 3360 Britannos

299 3394 366 3446 Hac
386 3392 505 3459 comite,
526 3392 645 3463 ignotos
665 3398 696 3446 et
714 3398 874 3463 penetrare
894 3390 998 3448 sinus?

264 3483 349 3536 Haec
370 3487 416 3535 est
435 3481 539 3536 iliacos
557 3481 654 3552 pictas
674 3485 812 3551 spectata
830 3497 885 3550 per
903 3479 997 3552 igneS,

299 3572 401 3641 Quum
419 3571 517 3628 verita
535 3577 583 3626 est
602 3571 746 3643 profugos
765 3569 883 3626 laedere
904 3570 1027 3628 flamma
1044 3575 1132 3631 Deos.
