2550 4176
1039 305 1115 346 XXXI

158 427 173 457 ‘⁴
185 427 233 482 ru
252 444 382 498 quoque,
403 424 502 480 dulcis
523 441 607 491 anus
628 425 685 479 tali
703 424 879 496 dignissima
897 427 981 498 prole

197 510 328 580 “Incipe
349 526 403 564 nos
422 509 503 563 inter
523 526 742 563 connumerare
764 518 840 577 tuoe,

159 596 235 651 “Me
255 595 311 649 tibi
333 593 380 648 vel
400 611 555 664 generum,
576 594 625 648 vel
645 600 735 648 natae
755 593 873 665 suscipe
892 593 1028 663 fratrem,

197 678 377 750 “Quidquid
396 677 427 732 in
445 679 502 732 hac
521 678 599 743 fiam,
615 677 732 749 juverit
751 696 817 734 esse
836 680 933 734 domo.

161 765 255 818 “Non
274 762 349 834 vigil
368 768 471 817 aerato
490 761 630 816 dubitem
649 780 697 816 me
717 763 847 834 adfigere
867 764 947 834 posti

199 848 265 902 “Et
283 847 364 902 fessa
383 847 415 901 in
433 846 534 918 gelido
553 864 665 916 ponere
687 849 821 902 membra
840 849 913 903 solo.

161 934 176 962 “
189 934 252 988 Neo
273 934 373 987 minus
392 937 439 987 est
458 949 559 986 rerum
579 931 661 1001 mihi,
682 951 772 1004 quam
792 933 848 987 tibi
867 953 940 988 cura
959 940 1089 1003 tuarum,

200 1017 316 1072 “Haud
335 1023 424 1071 natae
446 1022 549 1071 custos
568 1015 667 1087 aptior
685 1018 769 1072 ullus
790 1016 875 1074 erit.¹

215 1176 245 1238 E
268 1173 293 1236 11
317 1172 413 1259 figlio
437 1194 497 1237 suo
522 1172 646 1236 Ercole
670 1172 714 1237 ha
738 1173 834 1258 negli
859 1175 999 1241 Amores
1015 1177 1114 1242 tratti

147 1290 186 1357 di
203 1287 300 1355 calda
315 1287 437 1372 poesia.
457 1290 551 1354 Reco
567 1286 609 1352 ad
622 1288 770 1372 esempio
787 1287 922 1376 l’elegia
938 1291 971 1354 ai
984 1291 1116 1357 Bembo

150 1406 213 1471 nel
235 1405 324 1471 libro
347 1428 370 1471 1.

237 1557 339 1612 “Urbe
360 1575 446 1612 meus
465 1556 592 1612 discedit
614 1575 712 1628 amor3
733 1557 888 1614 discedere
907 1566 940 1614 et
959 1560 1021 1631 ipse

273 1647 288 1672 ‘⁸
299 1643 395 1714 Cogor
396 1684 633 1698 ......

150 1823 170 1864 e
194 1799 432 1884 l’epigramma
454 1819 493 1863 su
516 1819 564 1862 un
588 1796 714 1883 doppio
737 1821 851 1864 amore

171 1954 246 2010 “An
265 1953 340 2008 mihi
360 1972 429 2008 cara
447 1954 530 2023 Nape
551 1952 664 2023 magis?
683 1972 722 2008 an
740 1954 821 2023 magi
840 1973 910 2009 cara
928 1956 1070 2012 Neaera?

152 2113 216 2178 che
231 2109 365 2176 ricorde
380 2110 467 2175 assai.
489 2108 624 2192 l’elegia
645 2110 684 2174 de
701 2110 841 2174 diversis
857 2112 1028 2176 umoribus
1050 2109 1120 2176 del·

152 2227 327 2294 l'Ariosto

222 2344 380 2410 Un’altro
394 2351 505 2429 poeta,
522 2341 575 2407 del
595 2344 695 2428 quale
712 2345 757 2406 ne
774 2343 801 2407 11
818 2342 954 2427 (drevic,
970 2345 1015 2408 nd
1032 2344 1121 2410 l'Ar-

155 2461 236 2542 silli,
260 2463 303 2524 ne
327 2461 353 2524 il
377 2459 509 2525 eiraldi
531 2460 601 2524 han
623 2468 745 2525 tenuto
769 2460 897 2545 parola‚‘
929 2482 1026 2527 come
1050 2481 1119 2527 non

155 2599 199 2641 ne
225 2575 332 2640 disser
355 2577 460 2656 nulla,
485 2575 543 2662 piu
567 2573 665 2655 tardi,
690 2575 739 2661 gli
755 2574 870 2640 storici
895 2575 986 2642 delia
1003 2584 1122 2644 nostra

155 2693 369 2773 letteratura,
393 2691 502 2757 Peolo
526 2691 732 2756 Belmesseri
756 2689 799 2756 da
823 2693 1046 2778 Pontremoli‚
1071 2692 1122 2757 in·

156 2815 320 2873 coronato
345 2807 605 2872 solennemente
626 2807 666 2871 in
689 2806 864 2893 Marsiglia
878 2809 937 2872 nel
956 2811 1040 2875 1532
1066 2807 1122 2874 dal

201 3048 207 3073 ¹
227 3045 343 3104 Quando
360 3044 488 3095 Anthium
505 3059 597 3094 amore
614 3043 738 3107 coeperit.

198 3121 292 3182 Seguo
315 3120 344 3169 la
369 3120 479 3169 lenione
504 3119 700 3170 dell'edizione
726 3119 825 3169 aldina
850 3122 896 3172 del
922 3120 990 3171 1513.
1015 3123 1057 3173 Mi
1079 3140 1131 3188 par

150 3194 318 3259 preferibile
336 3211 352 3242 a
370 3196 468 3258 quella
484 3202 582 3244 renata
592 3195 639 3244 dal
658 3195 717 3244 cod.
730 3201 849 3246 estense.
866 3211 904 3260 vr,
921 3198 952 3246 B.
971 3198 1009 3245 31.
1032 3199 1060 3248 Τ.
1085 3201 1130 3250 Ve-

149 3267 278 3331 spasiani
289 3269 398 3320 Str-ozac
413 3270 554 3321 Carmina.
572 3271 707 3321 Giudichi
717 3272 739 3320 il
751 3273 853 3322 lettere
872 3275 908 3323 da
919 3274 1015 3338 questi
1025 3276 1114 3326 versi:

242 3361 282 3404 'Pu
296 3374 404 3416 quoque,
420 3360 503 3405 dulcis
517 3373 594 3413 anus·
606 3364 752 3415 diutissimo
764 3365 869 3416 pictore
884 3365 955 3407 tanto

299 3415 390 3471 Incipe
407 3425 455 3457 nos
471 3415 547 3458 inter
562 3427 747 3476 commemorare
762 3422 827 3459 tuos.

245 3500 307 3565 Non
318 3523 346 3565 vi
366 3499 386 3564 '⁴1
400 3499 493 3564 aerato
508 3498 625 3565 dubitem
636 3499 808 3574 praecitatae
820 3500 892 3576 posti·
915 3499 922 3512 ’
945 3501 950 3513 ¹

299 3576 336 3620 nt
362 3587 417 3619 ossa
435 3574 524 3628 gelido
538 3588 635 3628 ponere
648 3576 765 3619 membra
779 3577 843 3620 eolo.
