2550 4176
264 393 352 463 Erg0,
372 411 389 447 0
408 393 498 448 beata
517 390 620 447 vivida

263 481 409 538 Caelestis
428 481 506 553 ignis
524 480 688 546 flammula,

260 570 356 642 Magis
375 569 470 642 magis
488 587 534 625 me
555 576 590 626 tu
610 569 641 624 in
659 570 724 626 dies

260 660 378 716 Fovere
397 677 488 730 perge
507 657 644 729 singulos

262 748 366 819 Perge,
386 767 403 804 0
423 749 520 815 beata,
539 764 630 819 perge
650 748 723 802 dum

261 837 336 894 Mihi
355 856 451 911 usque
470 855 559 909 perge
579 837 737 892 amburere

262 926 337 982 Mihi
355 945 451 998 usque
469 944 560 998 perge
579 927 736 982 absumere

261 1015 326 1082 Oor,
347 1033 422 1088 essa,
441 1033 559 1082 nervos,
579 1014 705 1081 viscera,

260 1106 362 1161 Venas
380 1106 539 1175 medullas,
559 1105 746 1177 sanguinem,

262 1195 423 1266 Ipsamque
443 1201 578 1250 mentem
597 1213 632 1250 ae
652 1194 802 1265 spiritum,

260 1285 305 1341 Ut
323 1291 408 1340 torus
428 1285 549 1340 ardeam
568 1283 638 1354 tiffl3

261 1374 304 1429 Ut
322 1379 389 1429 atra
407 1392 501 1445 quum
521 1391 601 1428 mors
619 1372 745 1444 frigidas

259 1459 374 1517 Afferre
395 1463 469 1517 mihi
487 1463 572 1521 volet
591 1481 706 1530 manue,

258 1549 307 1605 Sic
326 1550 447 1605 flamma
466 1558 551 1607 totus
569 1551 719 1606 flammeis

259 1638 326 1694 Alis
344 1639 464 1694 Amoris
483 1639 577 1694 lucidi

257 1727 339 1782 Hine
359 1728 527 1801 expeditus,
549 1728 684 1785 aetheris

257 1817 345 1873 Altae
364 1819 402 1872 ad
420 1836 487 1874 oras
506 1818 682 1887 subvolem3

258 1906 393 1978 Cognata
413 1908 465 1963 ubi
484 1908 566 1963 inter
584 1908 685 1963 sidera

259 1997 327 2051 Non
342 1997 405 2068 jam
425 1997 556 2067 amplius
576 2015 692 2051 memor
710 1997 778 2062 mei,

257 2087 361 2143 Unum
381 2094 412 2141 te
432 2104 538 2152 amem,
559 2106 594 2141 ae
614 2093 669 2141 tua
688 2086 799 2141 omnia.

256 2177 353 2230 Immo
373 2176 494 2230 ardeam
512 2176 689 2247 perenniter

256 2267 370 2323 Faetus
390 2267 436 2323 tui
455 2274 504 2323 ter
522 2267 647 2323 maximi

256 2355 398 2429 Scintilla
415 2375 510 2428 parva
528 2356 672 2414 incendii.

529 2705 575 2757 11.

252 2857 437 2924 FRETUS
460 2858 543 2923 DEI
570 2857 848 2925 CLEMENTIA

352 2970 495 3012 SOLATUR
517 2972 645 3013 ANIMUM
668 2973 752 3014 SUUM

223 3041 324 3082 DIVINI
349 3042 364 3083 J
369 3042 468 3082 UDlClI
487 3044 611 3084 PAVORE
630 3043 880 3085 CONSTERNATUM

425 3153 588 3206 (Carminum
605 3156 671 3209 Lib.)

149 3312 174 3366 Ο
193 3311 245 3384 qui
263 3313 372 3369 beatus
391 3312 522 3369 aetheris
541 3315 628 3370 sedes
648 3314 723 3371 eolis

183 3404 301 3457 Auctor
319 3402 427 3458 salutis
447 3403 590 3475 omnium,

147 3491 229 3561 Ergo
247 3509 286 3545 ne
305 3506 426 3561 semper
443 3491 594 3550 fluctuare
614 3513 660 3550 me
681 3495 712 3550 in
731 3496 796 3553 sale
815 3497 872 3550 hoe

184 3579 296 3637 Menssis
316 3580 433 3643 videbis
453 3586 584 3656 anxium,
