2550 4176
339 565 390 629 IN
415 561 668 630 ALBIERAM
690 561 929 630 ALBITIAM

247 680 427 722 PUELLAM
455 680 768 722 nonnosmsfflen
793 680 1023 723 uoluminum

303 753 346 791 ΑΙ)
364 751 549 793 SISMUMDUM
568 751 715 793 STUPHAM
734 751 809 793 urus
828 751 969 794 SPONSUU

498 860 661 916 (Elegiarum
674 860 741 913 Lib.)

164 1051 204 1105 El
223 1051 332 1106 merito
353 1050 434 1124 (quis
454 1049 536 1104 enim
554 1056 675 1104 tantum
693 1048 828 1120 perferre
848 1047 1008 1103 dolorem?

200 1145 264 1198 Aut
282 1142 350 1214 quis
365 1141 430 1212 jam
449 1141 567 1196 miseris
585 1144 737 1210 temperet
755 1156 773 1192 a
791 1136 959 1208 lachrymis
969 1137 993 1210 i)

163 1229 220 1284 Sed
239 1235 343 1284 lamen
361 1229 422 1283 heu
440 1228 556 1284 frustra
574 1225 710 1283 crudelia
728 1225 828 1281 sidera
839 1224 980 1292 damnas,

198 1317 364 1383 Sismunde,
384 1325 415 1371 el
433 1318 548 1373 frustra
567 1314 690 1371 numina
709 1314 801 1369 surda
820 1314 927 1369 vocas!

162 1406 243 1459 Proh
262 1406 361 1461 dolor!
380 1406 418 1460 ah
437 1412 569 1478 quantos
589 1409 677 1475 rapta
696 1421 749 1476 pro
769 1402 898 1473 conjuge
920 1401 1011 1458 fletus

198 1494 384 1565 ingeminas!
404 1501 518 1567 quanto
539 1493 654 1565 perluis
674 1492 770 1548 imbre
792 1491 902 1562 genas!

163 1581 378 1655 Sollicitasquc
397 1583 508 1638 fraires
528 1582 732 1652 miserumque
751 1585 922 1651 parentem.

198 1671 294 1742 Inque
314 1677 367 1725 luo
387 1677 452 1725 lota
471 1679 519 1727 esl
537 1672 664 1727 vulnere
678 1669 765 1742 nigra
782 1674 902 1729 domus,

163 1758 256 1830 Nigra
273 1760 380 1816 domus
399 1768 464 1816 lota
483 1768 538 1829 est,
558 1762 632 1818 flent
651 1763 761 1819 moesti
780 1764 818 1818 ad
830 1761 937 1817 limina
956 1759 1046 1830 cives,

198 1849 289 1904 Flent
307 1850 383 1905 socii
402 1852 545 1924 lacrymis
565 1859 597 1908 et
616 1859 670 1908 lua
688 1853 798 1908 damna
816 1852 883 1924 piie.

162 1941 229 2010 Ipse
250 1958 306 2011 ogo
326 1941 378 2012 qui
397 1942 510 1998 dudum
529 1962 616 2015 roges
636 1962 745 2016 magno
765 1962 815 2000 ore
836 1944 993 2008 canebam,
1064 1928 1070 1941 '

197 2027 396 2098 Dardanaque
417 2030 551 2100 argolica
570 2032 717 2102 Pergama
736 2038 823 2103 rapta
841 2047 953 2099 manu;

162 2118 232 2170 Heu
251 2115 296 2170 nil
315 2118 402 2173 dulce
424 2137 536 2175 sonans
555 2126 639 2175 taceo
655 2121 718 2192 jam
737 2121 819 2175 bella
837 2120 997 2190 tubasque,

197 2206 238 2258 Ec
256 2205 356 2260 refero
375 2206 413 2260 ad
432 2205 534 2278 nigros
553 2207 687 2263 carmina
705 2215 823 2264 moesta
835 2224 941 2279 rogos;

160 2294 205 2349 Ac
226 2299 336 2363 lecum,
356 2293 509 2350 infaustus
529 2302 624 2364 vacce,
640 2297 792 2352 consortia
810 2297 914 2351 luctus

196 2384 243 2436 En
257 2391 371 2453 repeto,
393 2391 424 2440 et
442 2387 601 2457 querulam
620 2387 742 2457 pectine
761 2387 870 2458 plango
889 2387 997 2457 lyram

162 2472 232 2537 Noc,
252 2473 418 2540 Sismundo,
438 2481 509 2530 tuos
527 2476 660 2548 gemitus
679 2493 863 2548 aegrumque
883 2475 1021 2531 dolorem
1050 2531 1053 2538 ,

196 2562 309 2616 Arceo:
330 2570 403 2618 sunt
422 2564 587 2636 lachrymis
605 2565 715 2622 funera
733 2565 827 2637 digna
845 2563 920 2635 piis;

163 2650 262 2721 Majus
281 2651 372 2707 habes
392 2653 504 2709 vulnus
524 2660 641 2710 secreto
660 2655 692 2709 in
711 2662 845 2726 pectore,
866 2671 958 2727 quam
978 2671 1037 2723 quo

197 2738 237 2793 Te
259 2739 375 2795 deceal
394 2741 527 2797 madidas
547 2760 608 2797 non
626 2743 767 2799 habuisse
787 2761 888 2814 genae.

161 2829 236 2882 Nam
255 2832 374 2899 poteras
393 2830 508 2886 dudum
527 2832 605 2886 nulli
625 2832 769 2888 invidisse
790 2833 924 2900 deorum,

195 2921 274 2974 Dum
293 2918 388 2974 subiit
408 2919 483 2974 volis
503 2938 578 2975 aura
596 2923 730 2977 secunda
750 2924 828 2980 tuis:

158 3007 255 3071 Nunc,
275 3007 327 3062 ubi
346 3007 410 3062 dira
428 3026 519 3063 suum
538 3009 636 3066 vertit
655 3011 793 3067 Fortuna
812 3020 959 3079 tenorem,

194 3096 279 3151 Uxor
298 3097 391 3162 abest,
412 3095 528 3152 animae
547 3103 647 3169 portio
667 3119 777 3172 magna
794 3109 877 3157 tuae.

159 3188 244 3243 Uxor
263 3188 355 3253 abest,
375 3188 529 3243 heuheu!
549 3190 602 3245 sed
622 3192 745 3262 qualem
763 3193 850 3247 nulla
868 3192 1010 3266 tulerunt

194 3275 330 3344 Saecula,
350 3277 403 3332 sed
422 3276 543 3348 qualem
562 3283 697 3349 tempora
715 3280 802 3334 nulla
819 3280 936 3335 ferant:

158 3362 220 3418 Uni
239 3362 384 3436 quicquid
402 3364 494 3419 habet
512 3364 637 3421 dederat
654 3367 771 3421 Natura
790 3367 916 3433 decoris,

195 3452 254 3508 Uni
274 3452 367 3508 etiam
385 3452 510 3508 dederat
529 3454 636 3522 Gratia
654 3455 800 3526 quicquid
820 3457 919 3512 habet.
