2550 4176
599 440 655 490 rx.

482 583 549 650 AD
573 583 767 651 AMICAM

448 725 682 780 (Epigrammaton,
698 725 754 769 Lib.
770 725 798 777 ι.)

150 926 196 979 Da
215 921 290 975 mihi
309 928 352 986 tu,
373 937 441 974 mea
458 920 522 987 lux,
543 922 590 971 tot
609 917 693 972 basia
712 922 799 987 rapta
817 916 943 987 petenti,

186 1014 270 1079 Quot
287 1011 413 1066 dederat
433 1009 497 1065 vati
515 1009 625 1064 Lesbia
644 1009 755 1063 blanda
773 1027 841 1064 suo.

150 1102 208 1158 Sed
226 1101 300 1173 quid
318 1118 414 1171 pauca
432 1105 510 1171 peto,
531 1097 622 1170 petiit
640 1098 667 1153 si
684 1115 782 1169 pauca
801 1097 940 1153 Catullus

184 1189 295 1245 Basia?
313 1207 411 1260 pauca
432 1187 562 1258 quidem,
583 1186 610 1242 si
629 1193 837 1252 numerentur,
860 1192 957 1242 erunt.

148 1281 195 1334 Da
213 1277 289 1332 mihi
307 1284 383 1350 quot
403 1278 524 1334 caelum
542 1277 657 1342 stellae,
678 1282 754 1346 quot
773 1276 849 1332 litus
868 1295 975 1332 arenas

124 1364 126 1371 '
184 1366 326 1437 Silvaque
346 1372 421 1436 quot
440 1366 571 1431 frondes,
590 1365 726 1436 gramina
746 1382 869 1435 campus
893 1364 1001 1435 habet,

150 1457 227 1511 Aere
247 1462 324 1528 quot
341 1456 490 1521 volucres
511 1459 586 1524 quot
604 1459 676 1508 sunt
694 1460 727 1509 et
745 1454 777 1506 in
797 1471 928 1525 aequore
947 1454 1064 1525 piscos3

185 1546 269 1615 Quot
288 1563 369 1600 nova
387 1544 549 1616 Cecropiae
571 1544 664 1599 mella
683 1551 812 1600 tuentur
831 1562 911 1615 apes

152 1636 235 1691 Haec
254 1635 329 1689 mihi
347 1636 374 1689 si
392 1635 519 1701 dederis,
539 1653 680 1706 spernam
698 1652 878 1707 mensasque
900 1638 1046 1703 Deorum,

186 1726 227 1779 Et
246 1725 442 1797 Ganymedea
460 1723 571 1794 pocula
589 1730 711 1793 sumpta
729 1741 830 1778 mann.

605 2089 644 2139 X.

315 2238 379 2301 DE
402 2238 560 2304 FONTE
589 2238 929 2304 MERGELLINES

441 2378 676 2432 (Epigrammaton,
695 2379 750 2423 Lib.
762 2378 799 2429 ιι.)

257 2567 314 2620 Est
334 2565 408 2618 mihi
426 2565 493 2620 rivo
513 2565 630 2621 vitreus
648 2569 777 2637 perenni

293 2656 381 2720 FonS,
402 2671 565 2709 arenosum
584 2673 676 2726 prope
696 2655 779 2719 litus,
797 2663 877 2718 unde

293 2745 387 2814 Saepe
407 2743 566 2798 discedens
585 2743 644 2798 sibi
662 2753 757 2800 nauta
776 2765 860 2807 rores

684 2837 799 2893 Haurit
817 2839 938 2897 amicos,

256 2938 374 2994 Unicus
394 2939 509 2994 nostris
528 2945 629 2994 scatet
647 2940 700 2995 ille
719 2941 793 3013 ripis

291 3027 405 3083 Montis
424 3029 571 3084 immenso
592 3029 718 3086 sitiente
738 3040 848 3101 tractu,

292 3119 404 3175 Vitifer
422 3138 482 3190 qua
500 3120 684 3191 Pausilypus
703 3123 850 3179 vadosum
870 3144 907 3181 ex
926 3159 937 3168 ·

666 3257 670 3265 .
705 3244 717 3254 -
737 3214 833 3268 currit
852 3213 883 3269 in
903 3234 1025 3288 aequor.

256 3311 347 3364 Hunc
368 3328 422 3381 ego
441 3312 521 3367 vitta
540 3313 701 3370 redimitus
721 3317 796 3382 alba,

292 3400 391 3466 Flore,
410 3407 443 3456 ot
461 3403 587 3458 aestivis
607 3423 736 3460 veneror
757 3407 885 3475 coronis,

291 3490 394 3556 Quum
413 3491 524 3547 timent
544 3512 646 3550 amnes
667 3502 697 3550 et
715 3496 819 3552 hiulca
837 3516 961 3554 saevum

681 3588 763 3642 Arva
783 3589 922 3642 Leonem.
