2550 4176
225 263 261 318 90

238 371 297 425 illa
316 369 470 438 autemin
489 370 634 443 Cyrrhum
653 377 753 427 totum
767 371 844 444 jacit
862 390 970 444 agmen
989 391 1140 446 aquarum

273 462 325 515 Et:
345 461 465 528 Munus,
485 459 571 528 dixit,
592 460 651 514 hoc
671 459 796 530 pietatis
815 460 903 516 habe.

238 551 316 605 'Pum
334 550 424 604 docta
443 551 617 622 Eurymene
639 554 795 603 certamen
815 551 905 605 triste
926 549 1066 606 diremit:

270 641 350 694 Dum
368 639 491 707 dirimit,
511 637 622 709 pressit
640 637 723 693 fluxa
740 639 830 694 ruina
849 657 958 709 comas,

237 727 424 800 Disiecitque
443 745 547 783 omnes
565 727 724 783 sublimia
743 728 858 783 vertice
880 730 987 786 crines.

272 816 417 873 Disiectis
437 817 549 890 Aquilo
570 817 680 874 suavia
698 817 783 873 millo
802 818 896 873 dedit.

237 908 439 979 Concitatque
458 909 631 980 Eurymene
650 925 732 962 nunc
745 908 832 978 hanc,
851 926 932 963 nunc
951 916 1099 980 provocat
1113 910 1209 978 illam,

271 1000 371 1070 Atque
391 997 519 1066 hostem,
539 996 682 1067 quoniam
701 997 808 1066 nescit,
827 998 940 1070 ubique
958 1007 1057 1070 putat.

241 1089 304 1143 Nec
324 1087 425 1142 minus
444 1088 568 1143 Aedone
589 1087 689 1157 proles
708 1104 857 1156 generosa
875 1087 1025 1161 Calypsus

274 1177 426 1231 Deturbat
445 1175 519 1245 clio,
540 1175 618 1231 clam
636 1177 712 1247 pede
732 1176 838 1232 adorta
857 1180 973 1249 pedem.

236 1268 318 1340 Nysa
337 1268 418 1323 inter
437 1267 571 1338 Oory10s‚
591 1266 673 1320 inter
692 1273 826 1338 myrteta
845 1268 980 1339 Lycoris,

273 1358 310 1412 Sa
330 1356 469 1413 Nemesis
487 1357 584 1425 lauro,
605 1374 637 1412 sc
660 1357 757 1411 salice
771 1358 855 1430 Hyla
874 1357 961 1428 tegit.

238 1447 339 1516 Atque
360 1447 463 1501 locum
481 1451 591 1501 nactae
609 1447 698 1501 modo
724 1446 756 1500 in
774 1447 853 1502 hanc
868 1446 1044 1518 jaculantur
1067 1451 1100 1501 et
1119 1445 1204 1500 illam

274 1537 314 1590 Et
328 1535 447 1607 jaciunt
464 1535 580 1602 furtim,
600 1553 694 1605 saque
713 1536 823 1591 deinde
844 1541 958 1608 tegunt.

153 1669 155 1673 ⁷
238 1628 318 1680 Dum
336 1626 418 1681 socia
436 1626 572 1698 Dryades
591 1627 715 1682 arbusta
733 1626 873 1698 indagine
895 1625 1030 1697 cingunt,

274 1718 374 1785 Atque
395 1717 465 1771 illas
483 1714 609 1771 latebris
627 1717 791 1771 devoluere
811 1716 883 1784 suis,

238 1808 280 1860 At
298 1812 373 1860 tunc
391 1804 551 1876 praecipiti
569 1811 773 1876 prorumpunt
793 1805 912 1876 agmine
931 1804 1092 1876 nymphae,

275 1897 376 1966 Atque
397 1912 501 1949 omnes
520 1911 647 1964 propere
670 1903 795 1950 mutuus
814 1895 903 1950 ardor
921 1894 1026 1948 habet:

240 1983 342 2054 Hybla
361 1983 472 2051 Thoen,
499 1983 674 2038 Charitessa
693 1984 817 2052 Nedain‚
842 1984 957 2056 Lydum
976 1982 1092 2054 appetit
1109 1983 1205 2052 Angla

275 2075 315 2127 Et
333 2080 403 2144 post
421 2091 452 2127 sa
473 2073 599 2144 longum
620 2073 775 2141 quaelibet
794 2090 902 2144 agmen
920 2073 991 2144 agit.

239 2164 392 2220 Certatim
410 2163 543 2235 fugiunt,
564 2162 706 2218 certatim
724 2162 832 2217 deinde
852 2168 1023 2234 sequuntur

273 2253 462 2324 Alternoque
484 2258 565 2307 errat
584 2254 704 2307 Laurea
722 2252 866 2324 utrinque
886 2252 990 2323 gradu.

239 2345 318 2399 Ecce
338 2342 423 2399 vides
442 2343 547 2411 victas,
567 2343 655 2397 modo
676 2361 750 2412 quas
769 2343 877 2399 vicisse
898 2347 1030 2411 putaras

274 2434 338 2488 Noc
357 2451 421 2488 sors
440 2451 502 2488 una
521 2441 635 2502 manet,
656 2451 713 2487 nec
733 2438 837 2487 manet
856 2450 935 2487 unus
954 2432 1062 2501 honor;

239 2529 380 2595 Dumque
401 2524 445 2578 ita
463 2524 631 2592 decertant,
653 2524 726 2579 dum
746 2523 866 2579 ludicra
884 2522 998 2594 praelia
1016 2520 1156 2593 miscent,

273 2613 397 2669 Misceri
415 2612 578 2668 audierunt
597 2632 684 2669 omno
705 2614 825 2683 fragore
845 2630 961 2668 nemus.
1040 2639 1041 2642 ¹

239 2704 383 2759 Protinus
402 2721 544 2758 arrexere
563 2720 660 2770 aures,
681 2708 771 2771 atque
793 2700 894 2755 omnia
912 2702 1052 2767 lustrant,

239 2800 242 2804 “
274 2794 503 2865 Congestaeque
523 2811 614 2848 manu
633 2793 821 2862 procubuere
841 2790 936 2846 nives.

238 2885 317 2938 Ecce
338 2882 527 2938 adsultantes
545 2887 665 2952 satyros
684 2881 721 2935 de
740 2880 857 2937 vertice
877 2879 998 2948 montis¹

275 2974 375 3043 Atque
394 2971 507 3026 hilares
526 2973 624 3026 Panas
642 2969 819 3042 prosiluisse
839 2969 953 3026 vident.

240 3065 302 3119 Nec
321 3081 406 3117 mora
424 3062 536 3117 festino
556 3061 749 3130 complerunt
768 3060 870 3115 omnia
889 3077 980 3114 cursu

276 3153 315 3206 Et
333 3151 444 3221 raptim
463 3151 629 3205 instructos
647 3150 806 3204 deseruere
826 3149 942 3205 choros.

240 3241 318 3295 Tum
336 3258 427 3311 rupes
445 3257 573 3312 propera
593 3246 623 3293 et
641 3238 747 3294 solitos
767 3238 883 3308 petiero
902 3257 1040 3295 recessus

276 3330 317 3384 Et
339 3329 472 3400 trepidae
491 3328 616 3384 latebris
634 3328 784 3383 delituere
804 3328 875 3383 suis.

637 3527 795 3537 ———
