2550 4176
101 389 180 444 Nam
199 388 299 445 minus
317 390 451 445 Aetneas
469 394 583 444 vexant
602 387 741 443 incendia
758 407 857 461 rupes,

140 480 240 546 Quam
258 478 368 550 quibus
386 484 434 534 est
452 477 555 550 faoies,
575 477 695 548 Borgia,
713 483 787 532 nota
805 482 874 549 tua;

102 569 167 624 Neo
185 566 280 623 facies
298 567 395 634 modo,
414 566 467 623 sed
485 565 569 622 docti
587 583 707 639 quoque
726 566 858 637 pectoris
877 575 965 635 artes,

138 659 187 716 Ah
205 663 318 730 pereat,
340 657 474 730 siquem
492 657 590 712 forma
609 657 675 712 sine
695 663 758 712 arte
779 665 890 714 movet.

101 751 205 820 Atque
225 765 288 819 ego,
309 745 362 817 qui
381 746 505 802 miseros
525 746 598 801 olim
616 763 742 801 securus
762 752 898 802 amantes

137 838 295 905 Ridebam,
315 842 346 892 et
364 837 450 893 saevi
468 854 562 909 regna
580 837 709 908 superba
728 836 793 902 Dei,

100 926 339 998 Spectabamque
360 925 437 980 mari
453 926 570 981 laceras
589 925 625 979 de
645 924 750 980 littore
769 942 892 997 puppes,

138 1017 228 1070 Nune
247 1032 320 1086 agor
338 1015 370 1069 in
389 1031 504 1082 eaesae,
522 1011 688 1084 naufragus
706 1012 778 1083 ipse,
799 1014 872 1069 vias.

546 1364 590 1416 11.

123 1572 127 1579 .
184 1510 383 1581 HYMNUS
404 1510 457 1578 IN
479 1509 638 1578 DIVUM
660 1511 955 1580 STEPHANUM

100 1727 178 1782 Nam
197 1742 275 1797 quae
293 1730 325 1780 te
345 1723 452 1794 eulpae
472 1728 504 1779 et
521 1723 645 1780 sceleris
663 1730 728 1779 tam
747 1723 812 1779 dira
831 1725 947 1796 cupido,

98 1813 214 1871 Infelix
232 1813 362 1885 Solymo,
384 1818 416 1867 et
434 1811 544 1867 saeclis
565 1811 733 1868 damnanda
753 1812 866 1868 futuris

98 1901 272 1973 Corripuit?
290 1906 392 1957 tantas
412 1907 465 1956 aut
483 1899 549 1970 quis
567 1899 653 1957 furor
672 1902 735 1973 egit
752 1901 785 1957 in
803 1902 883 1958 iras?

96 1994 144 2050 Ut
159 1993 305 2065 juvenem
324 1988 419 2060 patris
438 1988 573 2044 aetherei
589 1995 752 2060 praecepta
770 1997 927 2048 canentem

95 2081 189 2138 Diota
206 2079 272 2145 sibi,
292 2083 324 2135 et
341 2083 482 2134 veterum
500 2076 685 2133 referentem
703 2080 826 2134 oracula
844 2087 950 2137 vatum

95 2166 273 2225 Praestanti
291 2165 421 2239 eloquio,
440 2171 533 2238 teque
553 2166 590 2220 ad
608 2166 735 2220 meliora
752 2174 913 2224 vocantem

96 2256 238 2329 Compita
253 2273 309 2328 per
326 2254 500 2327 mediasque
518 2255 585 2311 vias
605 2272 621 2309 e
641 2255 799 2312 moenibus
817 2259 901 2314 urbis

95 2348 229 2404 Illnsum
246 2345 409 2416 expuleris,
429 2351 495 2400 tum
514 2362 604 2401 oaeoa
622 2345 742 2416 perdita
759 2352 861 2402 mente

95 2439 256 2495 Coneureu
273 2452 412 2507 pressum
429 2434 555 2507 ingenti,
575 2435 717 2505 saxisque
736 2436 868 2506 petitum

95 2529 235 2584 Nudatos
253 2532 348 2592 artus,
368 2542 425 2581 eeu
444 2525 597 2597 quondam
614 2527 761 2598 grandine
780 2527 874 2584 densa

95 2620 117 2675 J
118 2617 243 2689 uppiter
260 2614 450 2687 ingeminans
468 2621 581 2670 terram
600 2616 701 2688 quatit
720 2617 842 2673 aethere
863 2620 900 2675 ab
919 2622 990 2689 alto,

95 2705 235 2764 Crudelis
252 2705 338 2761 letho
356 2703 476 2760 dederis
494 2704 540 2759 nil
558 2706 619 2759 tale
638 2707 828 2762 merentem?

95 2797 157 2853 Ille
175 2795 299 2867 quidem
316 2793 436 2866 placido
455 2795 620 2850 sustollens
638 2795 756 2851 lumina
772 2798 861 2852 vultu

94 2885 320 2956 Lustrabatque
339 2882 437 2938 oeulis
457 2883 585 2955 eoelum,
604 2883 832 2957 intrepidusque
851 2887 967 2959 pericli,

94 2973 254 3030 Laudabat
272 2974 413 3044 Superos,
434 2977 464 3027 et
484 2990 537 3043 spe
555 2991 611 3028 sua
628 2973 737 3029 damna
754 2975 890 3033 levabat:

94 3062 153 3120 Cui
170 3080 211 3129 se,
231 3068 365 3134 quantus
382 3067 457 3127 erat,
477 3061 640 3117 manifesta
659 3062 691 3117 in
709 3064 778 3119 luce
797 3064 961 3121 videndum

95 3153 163 3223 Ipse
183 3157 269 3222 pater
287 3149 391 3206 divum
410 3150 535 3206 dederat
554 3168 624 3205 eum
644 3169 783 3223 compare
802 3161 874 3209 nato

95 3241 250 3311 Sublimis,
269 3239 427 3310 medioque
447 3241 494 3296 illi
512 3240 652 3312 fulgebat
670 3242 808 3314 Olympo.

95 3330 179 3397 Quin
198 3329 291 3385 etiam
310 3334 447 3384 extremo
466 3347 535 3384 oum
549 3329 612 3401 jam
630 3331 686 3385 sub
704 3331 764 3386 fine
782 3332 919 3387 laborum

94 3418 250 3490 Disjeetus
269 3416 495 3494 duro'frontem
514 3423 545 3472 et
564 3436 638 3474 aava
657 3425 793 3490 tempora
811 3421 912 3476 nimbo

93 3509 160 3563 Iret
178 3507 239 3562 iter
257 3507 380 3580 propius
398 3507 483 3576 lethi,
503 3514 605 3563 tamen
623 3508 761 3564 hostibus
780 3508 853 3580 ipsis
