2550 4176
186 403 374 472 Voshorror
392 416 497 492 malus,
517 424 548 473 et
566 416 664 474 melae
684 417 835 486 tenebrae,

184 510 247 565 Vos
260 508 357 564 furvis
376 508 463 580 nigra
481 527 541 563 nox
561 509 722 565 obumbrat
740 508 817 565 alis?

184 599 225 652 Et
244 596 296 669 qui
314 597 462 652 sideribus
482 615 570 668 pares
588 597 691 665 eretis,

183 686 272 740 Nunc
293 686 422 756 caligine
442 686 606 743 hebescitis
625 686 777 759 profunda

186 775 209 831 O
229 774 318 830 nimis
338 775 425 842 male,
445 776 646 848 nequiterque
667 775 797 832 fectum!

488 1088 542 1141 1v.

374 1239 439 1306 AD
463 1240 656 1306 EOSDEM

391 1376 552 1431 (Geminum
566 1378 635 1431 Lib.)

151 1540 224 1607 Nae,
244 1539 340 1596 sivos
359 1539 450 1594 nitidi
469 1546 500 1595 et
519 1539 643 1598 venusti
661 1541 761 1609 ocelli,

151 1628 188 1681 In
207 1645 351 1698 magnum
369 1627 478 1698 Superi
496 1627 599 1684 ferent
617 1629 793 1701 Olympum,

92 1716 93 1719 ’
151 1717 238 1771 Inter
257 1715 408 1771 aetherios
427 1715 510 1771 foces
529 1717 680 1783 locandos,
744 1778 746 1783 ‚

152 1805 208 1875 (Ut
225 1804 401 1874 percrebuit
419 1811 449 1859 et
468 1805 606 1861 dolemus
627 1809 741 1872 omnes)

149 1892 212 1945 Nee
232 1890 301 1945 duri
319 1890 434 1961 Superi,
453 1892 566 1946 miselli
583 1892 727 1963 homulli;

150 1981 205 2035 Sed
227 1979 347 2051 quando
366 1978 482 2049 Superi,
502 1998 559 2035 nec
578 1980 610 2035 in
628 1981 734 2036 beatos

151 2071 209 2124 Jus
229 2068 335 2140 aegris,
356 2085 454 2140 neque
472 2068 532 2139 fas3
552 2071 633 2139 quod
651 2088 748 2125 unum
766 2077 798 2125 et
816 2069 927 2141 ingens

150 2156 291 2212 Solamen
310 2156 477 2227 reliquum;
496 2157 607 2223 valete,
628 2157 734 2224 Ocelli,

150 2244 247 2300 Ocelli
266 2244 354 2298 nitidi
373 2261 455 2298 meae
476 2244 604 2314 puellae,

149 2336 258 2398 Avete,
278 2340 368 2405 etque
388 2334 499 2406 valete,
520 2333 617 2403 deque
638 2352 756 2390 summo

149 2424 283 2480 Posthac
302 2423 419 2479 vertice
438 2423 480 2477 mi
499 2423 609 2478 micate
630 2425 717 2478 coeli.

150 2515 187 2568 In
205 2513 295 2568 terris
314 2530 370 2583 ego
389 2509 478 2568 thure
498 2530 553 2569 vos
572 2519 603 2567 et
622 2531 675 2567 era

150 2603 192 2657 Et
211 2608 304 2657 centu
323 2600 458 2656 citharae
479 2602 576 2656 colem
595 2619 732 2669 sonorae,

151 2693 298 2746 Incensus
318 2690 413 2762 magis
432 2690 464 2744 in
483 2690 547 2746 dies
566 2690 722 2762 magisque

151 2782 331 2838 Sanctarum
349 2779 464 2851 liquido
482 2779 552 2850 igne
570 2782 762 2852 pupularum.

946 311 998 368 179
