2550 4176
237 379 315 435 Heic
333 381 390 436 tibi
409 381 449 436 sit
468 383 552 450 largo
571 401 624 453 pro
644 383 771 438 Caesare
790 384 887 455 gloria
905 383 996 456 dioec,

273 470 331 525 Sed
351 472 429 526 tales
449 474 555 542 epulas
573 491 634 527 non
653 492 738 528 meus
757 475 845 530 alvus
865 476 935 532 edit.

237 561 356 615 Laurea
374 560 415 615 sit
434 560 539 627 cuivis,
559 563 632 617 dum
650 563 691 617 sit
708 564 816 619 domus
836 584 929 622 aurea
947 570 1043 643 nobis,

273 651 420 703 Auratam
439 649 555 704 facient
574 669 667 706 aurea
681 651 750 723 jura
769 653 900 709 domum.

236 740 318 791 Dant
336 736 407 792 lites
427 737 571 810 requiem,
590 739 706 795 donant
725 740 934 814 chyrographa
952 761 1098 804 nummos.

270 828 337 881 Hoc
355 826 406 881 lex
424 827 485 892 dat,
504 845 596 882 voces
614 827 710 900 gloria
727 829 793 885 sola
811 831 902 887 dabit.

235 918 319 970 Haeo
339 915 402 982 alit,
421 917 496 971 haec
515 916 617 973 fatuas
635 918 794 975 dumtaxat
812 919 943 976 inebriat
962 941 1060 991 aurea,

273 1003 397 1059 Scilicet
417 1012 448 1060 et
467 1012 575 1060 venter
594 1007 691 1061 carior
710 1025 784 1082 aure
803 1009 877 1063 mihi
895 1016 950 1066 est

238 1095 389 1165 Famaque
409 1095 600 1167 quantalibet
618 1097 723 1151 veniat
740 1104 811 1168 post
828 1098 936 1154 funera
954 1099 1050 1165 nobis,

272 1183 431 1253 Excipiam
449 1184 551 1238 nullos
569 1190 707 1240 mortuus
725 1205 797 1242 aure
816 1204 914 1243 sonos

236 1273 317 1341 Ergo
336 1288 448 1340 sequor
467 1271 596 1341 prudens
615 1274 699 1343 leges
718 1293 753 1328 ac
770 1273 839 1344 jura
858 1273 1023 1342 Quiritum,

272 1358 427 1413 Prostituo
445 1359 577 1430 prudens
597 1360 689 1416 verba
707 1361 819 1417 diserta
837 1362 913 1416 foro.

237 1448 340 1513 Quum
359 1455 448 1503 vacat
468 1447 565 1503 officio
585 1448 686 1520 legali,
706 1450 823 1505 ludrica
842 1451 947 1520 condo,

273 1539 352 1590 Dum
371 1535 449 1604 bibo,
469 1554 545 1608 quae
563 1537 650 1592 nobis
669 1537 859 1593 immeditata
877 1538 987 1594 fluunt.

238 1626 275 1680 111
294 1643 398 1680 mensa
416 1632 574 1698 nequeunt
591 1627 719 1681 heroum
736 1634 823 1698 gesta
841 1627 955 1699 reponi,

273 1715 341 1769 Non
360 1721 430 1769 sunt
449 1714 614 1786 implicitae
632 1715 748 1786 praelia
765 1716 877 1771 mentis
897 1733 980 1786 opus

238 1802 283 1857 Sit
302 1803 376 1856 mihi
395 1804 563 1870 Maecenas,
586 1806 681 1859 claros
699 1805 804 1860 heroas
823 1811 855 1860 et
873 1823 956 1859 arma

273 1894 416 1960 Cantaba,
437 1900 469 1949 61
487 1895 575 1964 nugis
594 1912 664 1965 prae
682 1895 747 1949 fera
765 1894 846 1950 bella
862 1893 965 1949 foram.

610 2177 664 2230 VI.

427 2324 567 2391 LAUS
601 2324 841 2393 ELYSIAE

459 2465 678 2521 (Ermaphroditi,
696 2467 753 2514 Lib.
767 2467 805 2520 11.)

166 2623 271 2698 Elysia
290 2624 459 2682 auricomas
478 2626 559 2681 inter
578 2625 776 2681 celeberrima
794 2625 957 2697 Nymphae,

200 2716 286 2781 Quae
305 2715 421 2771 formae
440 2721 494 2771 aut
513 2715 614 2770 animo
632 2715 700 2771 laus
719 2714 778 2770 erit
797 2721 867 2786 apta
886 2715 960 2770 tuo?

165 2805 252 2861 Colla
270 2803 365 2870 nives,
386 2811 417 2860 et
435 2803 520 2860 labra
538 2822 629 2870 rosas
649 2810 680 2859 61
699 2804 816 2859 lumina
835 2804 964 2859 vincunt

201 2893 321 2965 Sydera,
341 2892 425 2947 culta
443 2892 570 2960 Helene,
590 2893 678 2961 nuda,
699 2892 796 2948 Diana
814 2895 880 2947 Dea
899 2909 941 2946 es.

165 2983 268 3048 Quum
285 2980 427 3053 loqueris,
446 2980 584 3053 quamvis
602 2997 676 3049 rare,
696 2985 728 3035 et
745 2998 842 3050 pauca
859 2979 1003 3051 loquaris

201 3067 270 3121 Sola
288 3072 392 3120 tamen
410 3064 500 3136 digna
519 3082 558 3133 es,
576 3064 675 3117 multa
692 3062 776 3135 loqui
795 3069 886 3133 atque
906 3063 999 3135 loqui.

165 3153 245 3220 Quid
263 3153 371 3226 loquar
389 3154 522 3209 artifices
540 3151 671 3224 digitos?
689 3151 762 3224 quid
774 3152 886 3222 pensa?
905 3152 978 3224 quid
997 3154 1100 3213 artes?

201 3245 241 3298 Et
260 3241 369 3314 quibus
390 3242 487 3298 evitas
506 3240 575 3309 otia,
595 3241 677 3313 1111116
695 3239 807 3303 modos

166 3330 250 3384 inter
269 3346 344 3400 opus
363 3336 484 3385 tantum
502 3329 600 3395 dulce,
621 3347 638 3383 o
657 3325 833 3383 dulcissima
852 3332 964 3392 cantas,

202 3422 242 3475 Et
261 3427 354 3475 cantu
372 3421 481 3476 nolens
498 3425 623 3491 pectora
641 3418 738 3472 multa
756 3416 846 3487 capia.

166 3505 242 3558 Nam
261 3503 343 3559 saltu
360 3502 435 3560 licet
453 3505 519 3575 ipsa
536 3504 631 3575 lyrae,
650 3501 725 3557 licet
744 3500 809 3572 ipsa
828 3500 956 3556 choreae

203 3593 249 3650 Sis
267 3593 369 3662 decus,
388 3594 426 3649 ad
444 3595 558 3650 thiasos
576 3611 644 3648 rara
662 3597 771 3648 vocata
788 3589 885 3646 venie.
