2550 4176
220 262 254 316 16

239 365 294 419 Ah
313 364 437 419 valeant
456 378 591 427 veneres,
612 359 736 414 valeant
754 359 835 414 mala
851 356 963 428 gaudia
980 372 1109 422 amores

276 453 367 508 Casta
384 451 514 522 placent,
535 450 626 504 luxus
645 447 803 514 desidiose,
823 448 900 504 vale.

237 545 308 599 Jam
327 540 401 596 mihi
419 539 575 595 Francisci
594 539 731 594 tunicam
750 537 953 608 chordamque
972 541 1087 607 parate,

272 632 343 686 Jam
362 635 486 685 teneant
504 630 602 684 nudos
614 628 716 700 lignea
734 627 837 684 vincla
855 629 954 699 pedes.

237 723 337 787 Quam
351 720 485 792 jucunde
505 717 580 772 mihi
595 717 722 788 jejunia,
742 717 811 790 quis
830 735 885 789 ego
905 716 1026 770 coelum

274 812 442 876 Emeream,
464 827 532 865 cum
550 827 599 863 me
618 807 746 863 solverit
765 814 832 863 atra
852 805 926 863 dies.

236 900 279 953 At
297 906 332 954 tu
351 907 425 955 tunc
445 907 563 956 nostros
582 898 667 954 flebis
685 898 806 953 deserta
823 898 950 964 labores,

273 989 348 1043 Cum
367 990 497 1044 subeant
515 987 638 1045 veneris
656 987 759 1043 dulcia
775 986 861 1044 furta
879 1003 973 1040 meae.

237 1077 314 1133 Cum
333 1079 463 1133 subeant
481 1079 586 1134 dulces
606 1096 680 1150 quas
702 1084 805 1132 tecum
824 1077 936 1132 ducere
956 1080 1065 1130 noctes

273 1167 367 1237 Saepe
388 1167 535 1223 admirata
555 1186 594 1234 es,
615 1169 755 1239 lassaque
774 1167 858 1222 facta
876 1165 967 1237 prior.

237 1255 295 1310 Sed
314 1255 386 1327 quid
405 1262 472 1311 tum
490 1257 658 1312 lacrimae?
677 1256 750 1329 quid
768 1262 835 1311 tum
855 1255 912 1311 tibi
931 1260 1011 1321 vota,
1026 1254 1196 1324 precesve?

275 1346 373 1411 Quem
391 1347 484 1400 semel
503 1346 656 1417 expuleris
675 1364 737 1400 non
757 1351 921 1402 revocatur
940 1363 1031 1399 amor.

239 1436 306 1488 Non
326 1434 400 1488 mihi
419 1436 509 1490 chara
530 1435 652 1507 quidem
670 1435 793 1506 poteris,
813 1453 875 1489 non
895 1434 977 1490 bella
995 1432 1105 1503 videri,

272 1525 340 1578 Non
359 1524 385 1579 si
404 1524 448 1580 sic
467 1524 533 1580 fieri
550 1523 695 1596 Juppitcr
713 1523 776 1594 ipse
796 1523 881 1579 velit.

236 1607 277 1667 Elt
295 1612 369 1668 licet
388 1613 420 1667 in
439 1619 470 1669 te
492 1613 572 1670 alius
591 1611 674 1670 dives
694 1611 829 1682 suspiret
847 1617 973 1678 amator,

274 1702 423 1773 Exemplo
441 1702 536 1758 fuerit
555 1703 674 1759 cautior
693 1703 746 1758 ille
766 1720 842 1757 meo.

236 1793 282 1846 Ac
303 1809 340 1846 ne
361 1810 453 1862 quem
470 1794 567 1848 lateat
585 1812 677 1865 quam
695 1793 738 1848 sis
757 1812 818 1848 non
837 1790 921 1846 mitis
940 1789 1063 1858 amanti,

273 1880 440 1936 Saevitiam
458 1883 540 1938 dicet
559 1901 653 1954 parva
671 1883 786 1938 tabella
805 1887 898 1936 tuam.

237 1972 336 2036 Quam
354 1972 437 2043 legat
459 1979 490 2027 et
507 1971 716 2044 juvenumque
736 1973 855 2039 chorus,
875 1970 1045 2040 doctaeque
1058 1969 1183 2041 puellae

273 2064 314 2117 Et
334 2062 518 2133 quicumque
539 2069 624 2118 tuam
643 2062 741 2117 sensit
753 2065 847 2118 Amor
867 2059 1057 2131 pharetram:

239 2151 356 2206 Fannia
374 2152 535 2221 despectos
555 2168 674 2222 semper
692 2149 810 2205 fastidit
830 2153 975 2202 amantes

273 2242 340 2296 Hoc
359 2241 406 2296 illi
426 2240 539 2296 vitium
557 2247 656 2296 mater
674 2239 780 2312 iniqua
794 2236 884 2293 dedit.

680 2498 733 2553 iv.

562 2662 629 2729 AD
655 2658 858 2730 SEIPSUM

579 2802 721 2858 (Amorum,
735 2802 792 2846 Lib.
802 2802 830 2855 1.)

236 2963 428 3034 Quingentas
447 2962 557 3018 solitus
577 2979 646 3017 cum
664 2963 706 3018 sis
726 2962 864 3018 adamare
884 2963 1015 3035 puellas,

270 3054 358 3108 Nunc
377 3055 414 3109 ab
435 3068 536 3106 amore
559 3058 612 3106 tuo
632 3051 713 3125 quid,
733 3052 873 3119 Joviano,
892 3052 1008 3108 vacas?

237 3145 285 3200 An
304 3143 375 3216 quia
393 3141 547 3198 difficilem
565 3160 630 3198 sese
651 3141 708 3198 tibi
726 3143 849 3198 Fannia
869 3142 995 3214 praebat

275 3235 317 3288 Et
334 3232 447 3304 rigidos
465 3250 565 3288 mores
579 3232 675 3287 forma
694 3233 825 3303 superba
842 3232 945 3287 facit?

237 3323 312 3378 Cum
331 3330 379 3379 tot
396 3322 459 3378 sint
478 3323 593 3389 faciles,
614 3321 655 3377 sit
676 3321 763 3394 copia
781 3321 883 3378 mollis
902 3339 1042 3377 amorum

272 3413 391 3477 Quaere
411 3412 544 3484 aliquam
563 3413 619 3468 tibi
639 3431 716 3486 quae
736 3418 843 3483 sponte
863 3413 981 3485 placere
1003 3409 1091 3467 velit.

238 3500 324 3566 Quae
343 3501 399 3556 tibi
418 3520 449 3557 se
469 3502 568 3569 dedat,
589 3503 639 3558 cui
658 3503 700 3558 sis
719 3507 750 3557 et
770 3501 879 3556 charus
898 3502 1024 3569 ocellus

271 3590 327 3654 Cui
345 3590 440 3647 dicas:
458 3591 523 3662 jam
538 3590 602 3662 jam
622 3592 738 3647 Fannia
756 3591 841 3646 nulla
860 3589 934 3645 mihi
953 3596 1006 3645 est.
