2550 4176
175 241 228 304 120

155 356 224 409 Non
242 353 347 408 finem:
367 357 474 405 verum
493 365 559 404 esse
578 336 662 402 aliud
681 336 761 416 quid,
783 336 869 401 cuius
888 335 988 416 imago

154 442 299 514 Splendet
317 441 349 495 in
367 439 412 508 iis,
432 439 511 511 quod
523 455 577 509 per
596 455 627 492 se
648 436 746 507 ipsum
766 441 820 503 est,
841 441 872 490 et
891 434 1076 506 principium
1096 448 1165 491 esse

155 530 301 588 Omnibus
321 536 488 595 aeternum,
508 534 578 582 ante
599 543 704 580 omnes
725 541 955 596 numerumque,
974 523 1129 596 diemque.

154 621 191 674 In
210 637 268 692 quo
288 618 383 672 alium
402 617 506 685 solem,
528 623 618 688 atque
638 615 729 669 aliam
749 615 962 685 splendescere
982 616 1106 669 Lunam

155 708 301 780 Aspicies,
321 706 457 778 aliosque
477 707 572 773 orbes,
594 704 654 760 alia
672 711 755 759 astra
773 721 906 772 manere,

155 799 339 869 Terramque
359 794 528 866 fluviosque
549 793 632 862 61166,
651 800 742 864 atque
763 810 834 848 aera
851 799 884 848 61
902 794 1002 865 ignem

155 890 196 942 Et
214 903 346 952 nemora,
365 891 454 956 etque
476 882 544 939 aliis
561 901 661 938 errare
682 883 825 938 animalia
843 883 941 939 silvis:

155 977 294 1047 Denique
313 981 424 1030 cuncta
442 974 502 1028 alia
520 991 625 1029 cernas
644 975 822 1045 vegetantia
839 975 912 1030 vita.
973 991 976 997 ·

155 1067 244 1136 Erg0,
263 1065 385 1120 umbras
399 1081 492 1134 quum
509 1061 573 1132 jam
586 1061 667 1130 satis,
684 1069 715 1117 61
729 1064 853 1133 specula
865 1063 928 1131 illa,
941 1081 1098 1138 superque

156 1152 313 1224 Spectaris,
333 1153 423 1223 longa
438 1150 615 1222 jamdudum
634 1150 665 1205 in
684 1157 774 1206 nocte
795 1170 960 1222 pererrans,

156 1243 215 1297 Fas
235 1240 356 1295 tandem
375 1242 476 1295 lucem
495 1248 587 1312 atque
608 1238 708 1310 ipsum
728 1241 904 1311 perquirere
925 1259 1045 1297 verum.

157 1330 245 1396 Quod
264 1329 408 1402 quoniam
427 1331 516 1400 longe
536 1329 710 1385 seiunctum
732 1336 778 1385 661
791 1348 917 1400 corpore
936 1332 973 1386 ab
993 1334 1080 1387 omni

156 1420 220 1473 Nec
238 1436 336 1473 nexus
355 1418 456 1486 habet,
477 1425 531 1473 aut
550 1417 670 1473 affinem
690 1419 828 1474 sensibus
847 1419 920 1474 ullis

158 1509 313 1575 Naturam,
334 1508 411 1562 scito
432 1524 497 1562 esse
518 1508 652 1562 animum
671 1507 727 1563 tibi
746 1508 970 1563 dissociandum

159 1597 299 1668 Corpore,
319 1597 565 1670 purgandumque
586 1598 668 1652 omni
687 1604 814 1670 contage
835 1604 966 1669 recepta,
1005 1594 1009 1599 ’

158 1687 291 1742 Terrena
309 1677 391 1754 labe,
406 1693 438 1742 et
455 1687 593 1741 mortalis
611 1686 736 1741 luminis
753 1687 881 1756 haustu;

158 1776 414 1848 Quaerendaeque
434 1775 511 1830 aliae
530 1775 635 1841 silvae,
656 1777 808 1848 callesque
827 1777 953 1832 tenendi

157 1867 235 1921 Sunt
253 1865 314 1934 alii,
333 1865 509 1935 meliorque,
528 1867 628 1920 Deum
647 1883 724 1936 quae
743 1866 852 1921 semite
870 1872 1031 1922 monstrat.
1089 1918 1091 1922 ,

157 1957 244 2010 Η666
262 1957 357 2011 Musa.
378 1958 401 2012 O
422 1956 448 2010 si
466 1963 498 2011 te
518 1956 660 2011 comitem
679 1956 754 2011 dent
772 1975 843 2012 rura
861 1958 951 2012 beata

158 2046 329 2101 Bardclena
347 2045 429 2113 mibi,
450 2064 467 2100 o
487 2045 539 2118 qui
557 2063 612 2100 nos
630 2052 753 2116 propter
771 2063 933 2101 amoenum

156 2135 312 2189 Benacum
333 2134 421 2191 viridi
439 2134 524 2190 silvis
543 2134 575 2188 in
593 2134 684 2189 litore
705 2134 808 2192 sistat:

157 2226 258 2295 Atque
277 2225 352 2293 olea,
371 2224 518 2296 lauroque
539 2232 623 2296 tegat
643 2225 756 2296 detque
776 2225 878 2281 abdita
898 2233 1004 2282 vatum

158 2313 252 2368 Sensa
271 2319 301 2368 et
319 2319 479 2385 utramque
500 2314 557 2368 Dei
575 2320 738 2384 praecepta
757 2314 900 2369 evolvere
919 2315 1029 2386 legem.

156 2403 240 2457 Rura
259 2421 319 2474 ore,
338 2402 472 2470 Giberte,
492 2409 545 2458 tuo
565 2405 704 2458 Benaeea
723 2403 787 2458 vati

157 2495 210 2561 Da,
229 2493 401 2565 viridesque
421 2495 504 2548 oleas
524 2500 554 2549 et
573 2493 671 2548 multa
688 2500 814 2565 protege
833 2493 928 2549 161116.

158 2582 216 2637 1116
236 2590 305 2638 tuas
323 2583 427 2638 laudes
446 2583 576 2654 primum
597 2590 686 2639 canet
708 2591 738 2638 et
756 2590 811 2638 tua
827 2582 911 2639 facta

158 2674 280 2744 Inclyta
298 2672 444 2728 Maeoniis
462 2672 597 2727 numeris
617 2672 653 2726 ad
672 2672 771 2726 sidera
789 2673 887 2728 tollet.

159 2763 200 2816 Ut
216 2778 343 2832 puerum
362 2761 470 2816 mirata
488 2779 572 2816 sacro
592 2779 661 2815 cum
680 2761 809 2833 Tybride
828 2762 925 2816 Roma

159 2853 240 2906 Ante
260 2869 355 2906 annos
374 2850 490 2906 meritis
511 2849 610 2905 titulis
629 2856 662 2905 et
680 2850 845 2906 honoribus
864 2851 964 2906 auxit:

158 2943 203 2998 Ut
221 2955 271 2996 res
291 2941 428 2994 Romana
447 2946 477 2994 61
496 2959 651 2995 sacrorum
671 2941 784 2996 tradita
799 2941 884 3012 jussu

159 3028 342 3084 Pontificum
361 3028 417 3084 tibi
436 3043 554 3085 summa
573 3029 604 3084 in
623 3038 653 3086 16
672 3048 734 3085 uno
753 3047 842 3101 saepe
863 3029 985 3096 resedit,

160 3119 205 3174 Ut
223 3124 341 3188 septem
359 3117 509 3172 fremuere
530 3117 618 3173 novis
637 3118 831 3189 applausibus
849 3135 943 3175 arces.

161 3208 260 3262 Macte
281 3205 396 3273 animis,
415 3213 515 3262 macte
534 3206 665 3277 ingeni0,
686 3215 721 3261 tu
741 3206 857 3278 trajicis
876 3225 990 3279 aequor

160 3294 357 3350 Barbaricum
376 3302 407 3350 61
424 3296 504 3351 16116
524 3313 610 3367 reges
629 3295 660 3350 in
679 3295 760 3351 bella
778 3301 903 3353 ruentes

161 3384 313 3458 Alloquiis
331 3385 440 3459 frenas,
462 3391 492 3441 61
512 3392 636 3456 coeptos
656 3404 707 3441 ore
727 3387 886 3453 tumultus,

161 3476 312 3546 Armaque
331 3481 363 3529 61
381 3474 508 3530 hostiles
527 3474 643 3530 animos
663 3482 694 3529 et
712 3474 828 3545 praelia
846 3474 948 3529 sedas:

162 3564 304 3633 Foedera,
324 3563 533 3636 amicitiasque
554 3563 636 3632 feris,
655 3580 820 3636 pacemque
840 3569 980 3633 reportas
