2550 4176
113 366 240 425 Credam
259 383 322 438 ega
343 363 423 438 quod
442 363 508 421 fieri
528 363 616 436 cupio
636 361 776 436 votisque
797 362 905 420 favebo

149 460 219 530 Ipsa
238 458 321 522 meis,
341 474 414 511 vcra
432 455 507 509 haec
527 455 594 527 quis
615 462 700 513 vetet
718 474 784 511 esse
804 457 927 522 tamen?

113 551 176 604 Nec
195 547 253 602 tibi
271 552 343 601 sunt
361 545 537 616 praecordia
554 545 661 615 ferrea,
681 564 738 600 nec
758 545 814 600 tibi
833 547 908 600 dura

148 641 251 695 Ubera
270 639 302 691 in
321 637 442 708 Alpinis
462 635 602 691 cautibus
621 654 693 689 ursa
712 634 802 690 dedit.

110 731 174 784 Nec
195 726 346 799 culpanda
365 732 419 781 tua
438 734 484 781 est
502 744 600 781 mora:
621 744 691 780 nam
709 735 873 797 praecepta
892 726 1018 780 deorum

147 821 214 874 Non
234 818 280 872 fas
300 835 357 871 nec
377 823 479 871 tutum
499 821 546 870 est
565 832 707 886 spernere
728 814 808 870 velle
828 814 952 868 homini.
975 810 976 814 ’

112 913 185 966 Esse
206 917 310 965 tamen
328 906 428 962 fertur
448 906 611 961 clementia
629 911 717 958 tanta
736 903 856 970 Leonis,

147 1002 192 1056 Ut
210 998 296 1053 facili
314 1000 462 1054 humanas
481 998 586 1051 audiat
605 1012 677 1049 aure
696 1012 810 1064 preces

112 1089 158 1142 'Pu
177 1088 263 1142 modo
284 1093 315 1142 et
332 1087 416 1142 illius
434 1088 555 1141 Numen
574 1091 736 1140 veneratus
755 1085 854 1151 adora,

146 1179 305 1248 Pronaque
325 1176 452 1230 sacratis
472 1177 576 1229 oscula
594 1175 632 1228 da
650 1174 785 1244 pedibus.

111 1270 246 1339 Cumque
267 1274 321 1321 tua
340 1265 482 1320 attuleris
501 1264 630 1335 supplex
650 1271 730 1330 vota,
750 1264 848 1334 adjice
867 1272 979 1330 nostra,

146 1360 333 1429 Atquemeo
352 1358 456 1426 largas
475 1355 596 1409 nomine
616 1356 709 1410 funde
729 1371 842 1426 preces.

109 1455 174 1503 Aut
188 1449 296 1518 jubeat
315 1453 345 1501 te
361 1446 425 1518 jam
443 1464 604 1517 properare
623 1447 660 1502 ad
679 1447 797 1502 moenia
816 1448 946 1511 Mantua

145 1540 209 1593 Aut
228 1555 275 1591 me
294 1537 448 1590 Romanas
469 1542 572 1590 tecum
590 1536 727 1591 habitare
746 1538 858 1602 domos

109 1629 245 1697 Namque
267 1645 321 1698 ego
341 1644 409 1681 sum
428 1626 494 1680 sine
515 1632 544 1680 te
565 1627 663 1682 veluti
682 1627 813 1698 spoliata
832 1625 976 1696 magistro

145 1718 267 1789 Cymbe,
288 1716 451 1787 procellosi
470 1735 560 1788 quam
579 1715 658 1786 rapit
678 1716 758 1770 unda
778 1715 879 1769 maris.

108 1810 149 1861 Et
167 1807 237 1862 data
257 1825 325 1861 cum
345 1806 402 1860 tibi
420 1806 478 1859 sim
497 1818 628 1876 utroque
648 1809 722 1862 orba
739 1808 843 1878 puella
862 1812 996 1876 parente,

143 1901 231 1954 Solus
251 1906 286 1952 tu
305 1897 378 1951 mihi
398 1897 453 1963 vir,
475 1898 560 1953 solus
580 1885 710 1968 uterque
730 1915 847 1968 parens.
1014 1898 1018 1904 ’

106 1990 193 2043 Nunc
204 1987 294 2042 nimis
304 1987 425 2058 ingrata
435 1994 481 2041 est
492 1987 554 2041 vita
564 1987 640 2041 haec
653 1987 734 2053 mihi,
746 2003 876 2058 namque
889 2004 944 2056 ego
955 1991 1075 2038 tantum

142 2079 256 2133 Tecum
275 2077 379 2132 vivere
399 2094 504 2141 amem,
526 2083 629 2130 tecum
650 2078 815 2146 obeamque
836 2076 942 2130 libens,
1047 2061 1049 2066 ¹

109 2166 280 2222 Praestabit
299 2166 421 2221 veniam
440 2166 522 2219 mitis
542 2167 617 2222 deus
636 2167 689 2221 ille
709 2167 828 2238 roganti

141 2256 353 2327 Auspiciisque
373 2256 460 2310 bonis
481 2263 512 2311 et
529 2260 614 2324 bene,
634 2258 724 2325 dicet,
744 2277 802 2313 eas

107 2347 207 2419 Ocyus
226 2347 284 2401 huc
304 2347 420 2400 celeres
441 2365 567 2401 mannos
588 2349 758 2402 conscende
779 2348 878 2402 viator

141 2441 243 2507 Atque
263 2454 362 2490 moras
382 2453 486 2490 omnes
506 2456 621 2509 rumpe,
641 2440 782 2510 uiamque
805 2457 886 2494 vora.

107 2527 149 2581 'Pe
168 2527 250 2581 laeta
270 2526 399 2597 excipiet
419 2526 565 2600 festisque
587 2539 694 2585 ornata
714 2531 833 2587 coronis

141 2619 182 2670 Et
200 2616 315 2670 domini
337 2616 502 2673 adventum
522 2619 635 2675 sentiet
654 2621 719 2692 ipsa
738 2622 851 2676 domus,

104 2708 185 2762 Vota
203 2724 257 2778 ego
276 2708 447 2777 persolvam
466 2713 588 2780 templo,
609 2711 828 2780 inscribamque
850 2712 989 2780 tabellae,

139 2796 306 2869 Hippolyte
327 2797 404 2852 salvi
424 2799 563 2870 conjugis
583 2801 620 2854 ob
640 2800 779 2854 reditum.

122 3003 305 3056 Quest’elegia.
319 3004 361 3057 git
370 3005 521 3054 attribuito,
539 3018 610 3047 come
625 3006 729 3048 altrove
745 3003 757 3045 ὸ
772 3010 917 3048 acoennato
928 3006 967 3054 (V.
979 3005 1004 3047 lo
1015 3008 1069 3047 stu-

83 3069 124 3110 dio
135 3070 182 3112 ohe
194 3070 304 3122 procedo
315 3071 343 3112 la
353 3083 477 3123 presente
487 3072 630 3122 autologia)
642 3071 675 3119 ad
686 3072 802 3124 Ippolitu
813 3071 919 3119 Torelli.
933 3070 961 3114 fu
971 3070 1068 3113 scritta

81 3137 124 3178 dal
139 3135 301 3187 castiglione
317 3136 429 3178 duranto
445 3137 466 3178 il
482 3149 527 3178 suo
542 3137 622 3189 lungo
638 3137 776 3190 soggiorno
794 3137 821 3179 in
838 3138 926 3186 Roma,
948 3136 1068 3179 allorohc

80 3203 166 3256 questi
177 3202 308 3245 trovuvusi
323 3215 410 3256 presso
421 3204 506 3246 Leone
519 3203 548 3256 X,
566 3205 668 3248 invicto
678 3203 723 3247 ‹lal
737 3203 803 3246 duca
817 3202 843 3245 di
859 3203 967 3246 Milano.
