2550 4176
271 370 329 426 Sed
344 370 409 442 jam
426 372 497 443 plus
516 371 609 428 solito
634 371 760 429 nitescit
777 389 836 441 aer,

271 461 342 515 Jam
360 460 414 516 lux
433 461 587 517 candidior
605 461 686 517 diem
704 468 833 518 serenat.

271 551 339 621 Cur,
359 551 398 606 ah
416 569 478 620 cur,
498 552 642 608 tenebrae
660 557 785 624 repente
798 551 893 619 nobie,

272 639 333 695 Cur
350 657 409 695 nox
429 640 584 697 exoritur?
602 639 749 712 nigrescit
768 641 863 696 aura?

271 728 366 784 Stella
384 733 432 785 est
450 729 487 784 ad
505 729 672 801 speculum,
692 727 817 786 refulsit
837 728 869 784 in
888 736 929 798 te,

271 820 319 873 An
336 817 441 887 sentis,
461 817 559 886 miser,
580 837 627 878 an.
647 817 776 888 miselle,
795 818 914 875 sentis?

271 908 372 965 Solem
390 908 507 964 lumina
525 908 606 964 victa
625 907 859 980 pertimescunt.

272 999 295 1053 O
316 998 413 1053 claras
431 996 529 1053 medio
548 997 597 1053 die
616 999 765 1064 tenebrae,

269 1087 293 1142 Ο
312 1086 414 1142 lucem
431 1086 497 1142 sine
517 1088 597 1142 nube
616 1084 831 1158 nigricantem!

614 1315 654 1367 X.

471 1424 535 1488 AD
558 1421 800 1490 FOOILLAM

498 1534 643 1592 (najaram,
656 1534 713 1581 Lib.
728 1536 766 1590 11.)

269 1672 414 1728 Lascivos
434 1671 548 1741 cohibe,
569 1671 695 1738 Focilla‚
715 1673 838 1739 ocellos,

268 1761 313 1815 Ne
332 1761 439 1831 perdas
457 1759 584 1819 miseros
602 1760 732 1816 videndo
754 1766 900 1827 amantes,

272 1850 452 1906 Summissos
470 1868 525 1905 nec
544 1850 631 1919 habe,
653 1850 778 1916 Popilia,
799 1851 922 1918 ocellos,

268 1939 313 1994 Ne
332 1939 439 2009 perdas
458 1939 582 1995 miseros
601 1939 741 2011 pudendo
760 1945 904 2008 amantea,

269 2029 368 2086 Iratos
387 2047 508 2102 quoque
529 2029 709 2100 comprimas
729 2029 849 2097 ocellos,

268 2120 313 2173 Ne
331 2120 439 2192 perdas
457 2120 581 2176 miseros
600 2120 742 2176 minando
761 2126 906 2176 amantes.

267 2210 329 2265 Nec
348 2211 461 2281 sponde
480 2211 586 2266 faciles
604 2211 735 2283 benigna
754 2211 875 2279 ocellos,

268 2301 312 2355 De
332 2316 384 2371 spe
403 2319 441 2355 ne
460 2301 591 2372 perimas
610 2301 742 2373 benigna
759 2309 904 2357 amantes.

267 2392 328 2446 Neo
348 2390 447 2462 tinges
466 2391 599 2447 lacrimis
618 2392 737 2448 misella
756 2393 879 2459 ocellos,

266 2484 368 2538 Luctu
386 2499 424 2537 ne
442 2483 572 2553 perimas
591 2484 710 2540 misella
729 2490 873 2540 amantes.

266 2571 344 2637 Noli,
366 2572 461 2638 crede,
481 2571 608 2638 Focilla,
630 2575 729 2643 crede,
750 2574 815 2629 noli

266 2663 345 2716 Istos
365 2678 496 2726 exerere,
518 2680 535 2715 o
555 2663 680 2729 Focilla,
702 2664 823 2718 ocellos.

266 2750 330 2816 Isti,
351 2749 494 2821 quicquid
514 2758 617 2821 agunt,
637 2752 763 2823 Focilla‚
783 2755 875 2810 ocelli

266 2843 342 2895 Sunt
360 2839 509 2910 incendia,
528 2850 607 2908 sunt,
628 2843 746 2899 Focilla
765 2852 928 2910 amantum,

266 2933 379 2996 Funus
400 2930 497 2997 crede,
517 2932 641 2998 Focilla,
662 2940 734 2988 sunt
754 2940 917 2990 amantum.

604 3168 659 3219 XI.

463 3275 530 3342 AD
555 3276 796 3342 FOOILLAM

498 3379 641 3436 (Bajarum,
657 3381 712 3425 Lib.
723 3381 760 3431 ιι.)

265 3515 296 3569 Si
314 3516 402 3583 rides',
423 3519 564 3584 Veneres,
586 3518 711 3583 Focilla,
731 3518 820 3587 rides,

267 3604 297 3661 si
317 3613 430 3676 cantas,
451 3610 592 3676 Veneres,
612 3608 735 3675 Focilla,
757 3614 871 3674 cautae,
