2550 4176
602 370 664 421 111.

364 505 430 571 AD
453 503 636 572 RUINAS
658 502 902 572 OUMARUM

485 637 655 691 (Elegiarum,
673 637 730 681 Lib.
743 635 780 688 11.)

163 801 232 867 Hie,
252 800 306 855 ubi
324 800 456 857 Cumeae
475 802 638 873 surgebant
656 798 774 870 inclyta
791 794 890 851 famae

199 889 327 962 Moenia,
348 890 477 962 Tyrreni
494 885 592 962 glc'iria
609 889 706 961 prima
725 886 826 956 maris,
877 915 885 943 ι

162 979 352 1052 Longinquis
370 998 431 1053 quo
450 999 539 1052 saepe
558 981 667 1050 hospes
685 979 867 1050 properabat
884 977 922 1031 ab
942 976 1011 1042 oris,

199 1067 329 1124 Visurus
348 1069 492 1140 tripodas,
512 1068 598 1124 Delie
618 1085 732 1140 magne,
753 1072 830 1133 tuos,

164 1157 205 1210 Et
222 1175 317 1227 vagus
336 1158 478 1228 antiquos
497 1158 632 1214 intrabat
651 1157 756 1213 navita
774 1162 888 1228 portus,

199 1245 357 1311 Quaerens
375 1246 538 1303 Daedaliae
558 1245 681 1302 conseia
699 1246 786 1318 signa
803 1245 901 1317 fugae,

163 1334 304 1405 (Credere
325 1337 393 1409 quis
412 1338 564 1409 quondam
582 1337 692 1409 potuit,
712 1336 784 1391 dum
802 1336 866 1391 fata
884 1333 1079 1402 manebant?)

198 1424 286 1479 Nune
306 1425 384 1481 silva
403 1433 538 1496 agrestes
557 1425 671 1480 oeoulit
690 1426 754 1479 alta
770 1425 859 1479 ferae.

165 1518 264 1584 Atque
283 1513 337 1569 ubi
355 1513 497 1570 fatidicae
515 1515 635 1570 latuere
656 1533 765 1569 areana
785 1514 927 1584 Sibyllae,

197 1602 285 1656 Nune
306 1602 420 1658 claudit
438 1609 557 1659 saturas
576 1620 702 1674 vespere
717 1610 822 1674 pastor
840 1620 923 1658 oves.

164 1692 306 1764 Quaeque
327 1692 411 1763 prius
429 1700 551 1749 sanatos
570 1695 698 1764 cogebat
717 1692 802 1748 ouria
820 1700 931 1764 patres

198 1783 391 1854 Serpentium
410 1784 493 1839 faeta
511 1792 559 1839 est
578 1784 768 1857 alituumque
789 1786 904 1841 domus

163 1871 319 1943 Plenaque
339 1879 386 1928 tot
405 1873 516 1943 passim
535 1874 692 1944 generosis
711 1874 789 1929 atria
809 1874 894 1941 aeris,

198 1962 268 2031 Ipsa
286 1978 341 2016 sua
360 1963 483 2017 tandem
503 1964 629 2018 subruta
648 1965 728 2018 mole
746 1963 860 2034 jacent.

163 2052 387 2123 Caleanturque
408 2052 481 2107 olim
500 2053 594 2108 saeris
615 2059 742 2108 onerata
760 2053 913 2124 trophaeis

196 2137 322 2205 Limina,
343 2139 505 2195 distractos
525 2147 556 2195 et
575 2141 653 2212 tegit
672 2141 764 2196 herba
783 2144 873 2198 Deos.

163 2229 221 2283 Tot
240 2229 357 2295 deeora,
377 2229 591 2302 artificumque
612 2249 727 2298 manus,
750 2237 796 2286 tot
814 2239 888 2285 nota
905 2233 1056 2303 sepulcra,

198 2318 316 2387 Totque
337 2318 403 2389 pios
423 2319 541 2374 eineres
561 2339 622 2374 una
643 2320 731 2375 ruina
750 2321 869 2392 premit.
890 2372 893 2377 ,
995 2375 997 2379 .

163 2410 204 2463 Et
220 2407 283 2478 jam
303 2409 384 2463 intra
403 2410 543 2481 solasque
563 2410 677 2476 domus,
698 2409 883 2483 disjectaque
903 2413 1017 2482 passim

198 2497 338 2552 Culmina
357 2498 506 2570 setigeros
527 2499 644 2554 advena
662 2499 729 2570 figit
748 2517 844 2570 apros.

162 2587 225 2641 Neo
243 2594 347 2641 tamen
365 2588 421 2641 hoc
442 2588 540 2659 Grajis
561 2588 674 2643 ueeinit
692 2592 776 2644 Deus
795 2590 859 2660 ipse
880 2590 1004 2648 earinis:

196 2676 325 2730 Praevia
343 2696 401 2732 neo
419 2677 483 2731 lato
503 2678 595 2733 missa
615 2679 755 2733 columba
773 2679 858 2734 mari.

162 2765 201 2818 Et
215 2757 385 2836 querimur,
407 2765 467 2820 eito
487 2767 513 2821 si
532 2771 652 2821 nostrae
674 2768 744 2822 data
763 2774 904 2839 tempora
922 2769 1006 2826 vitae

196 2852 392 2924 Diffugiunt?
410 2856 501 2910 urbes
520 2874 600 2911 mors
620 2856 756 2912 violenta
774 2858 862 2928 rapit.

161 2945 261 3014 Atque
281 2944 400 3000 utinam
419 2962 487 2998 mea
507 2964 554 3001 me
574 2946 684 3000 fallant
705 2947 830 3001 oracula
849 2953 964 3003 vatem:

197 3035 302 3088 Vanus
323 3040 353 3088 et
372 3052 389 3086 a
409 3035 497 3105 longa
516 3035 695 3104 posteritate
717 3034 807 3092 ferar.

160 3124 223 3177 Nee
241 3129 276 3177 tu
296 3140 414 3193 semper
433 3122 501 3195 eris
521 3141 598 3195 quae
618 3130 737 3194 septem
758 3125 951 3196 amplecteris
971 3146 1075 3184 arces:

196 3216 259 3268 Nee
279 3220 322 3279 tu,
343 3230 418 3285 quae
440 3213 548 3269 mediis
568 3216 689 3269 aemula
707 3216 806 3287 surgis
826 3215 920 3288 aquis,

161 3304 201 3357 Et
219 3308 250 3358 te
271 3301 351 3374 (quis
368 3307 458 3373 putet
476 3301 566 3374 hoe?)
586 3302 680 3357 altrix
698 3321 773 3370 mea,
794 3305 887 3359 durus
907 3310 1010 3361 arator

195 3396 311 3459 Vertat,
332 3405 371 3461 et,
391 3393 479 3459 Urbs,
499 3393 589 3458 dicet,
610 3393 684 3448 haec
704 3412 823 3472 quoque
844 3395 926 3450 olara
943 3395 1015 3452 fuit.

160 3484 237 3538 Fata
256 3484 382 3540 trahunt
401 3483 545 3550 homines,
567 3482 640 3539 fatis
659 3482 848 3552 urgentibus
869 3485 966 3550 urbes,

197 3575 238 3628 Et
257 3574 470 3647 quodcumque
490 3573 583 3642 videa,
604 3573 724 3628 auferet
741 3570 807 3642 ipsa
825 3574 898 3629 dies.
